2011.01.21 03:00:00.844,1.34403,1.34443,1.50,1.88
2011.01.21 03:00:01.347,1.34403,1.34439,1.50,1.50
2011.01.21 03:00:02.516,1.34419,1.34439,1.50,1.50
2011.01.21 03:00:02.735,1.34419,1.34456,1.50,1.80
2011.01.21 03:00:03.359,1.34418,1.34456,1.50,1.28
2011.01.21 03:00:04.193,1.34419,1.34456,1.13,1.80
2011.01.21 03:00:04.415,1.34419,1.34456,1.13,1.80
2011.01.21 03:00:05.359,1.34418,1.34455,1.50,1.88
2011.01.21 03:00:05.678,1.34419,1.34452,1.13,1.50
2011.01.21 03:00:07.717,1.34418,1.3445,1.50,1.50
2011.01.21 03:00:07.836,1.34408,1.34447,1.50,1.50
2011.01.21 03:00:08.276,1.34408,1.34447,1.50,1.50
2011.01.21 03:00:08.833,1.34413,1.34446,1.50,1.50
2011.01.21 03:00:09.905,1.34414,1.34452,2.25,1.50
2011.01.21 03:00:10.914,1.34414,1.34451,2.25,1.50
2011.01.21 03:00:11.776,1.34419,1.34451,1.13,1.50
2011.01.21 03:00:12.105,1.34418,1.34456,1.50,1.50
2011.01.21 03:00:12.654,1.34423,1.34459,1.50,1.50
2011.01.21 03:00:12.774,1.34424,1.34462,3.00,1.50
2011.01.21 03:00:13.462,1.34433,1.34477,1.29,1.28
2011.01.21 03:00:13.582,1.34438,1.34477,1.13,1.13
2011.01.21 03:00:13.697,1.34434,1.34475,1.50,1.13
2011.01.21 03:00:14.294,1.34434,1.34475,1.50,1.88
2011.01.21 03:00:14.626,1.34429,1.34469,1.50,1.13
2011.01.21 03:00:15.281,1.34429,1.34467,1.50,1.88
2011.01.21 03:00:15.616,1.34439,1.34464,1.13,1.50
2011.01.21 03:00:15.725,1.34439,1.34467,1.13,1.50
2011.01.21 03:00:15.837,1.34439,1.34468,1.13,1.50
2011.01.21 03:00:16.932,1.34439,1.34472,1.13,1.50
2011.01.21 03:00:17.367,1.34438,1.34469,1.13,1.50
2011.01.21 03:00:17.475,1.34437,1.34469,1.13,1.50
2011.01.21 03:00:18.184,1.34434,1.34469,1.13,1.50
2011.01.21 03:00:18.525,1.34433,1.34466,1.13,1.50
2011.01.21 03:00:22.304,1.34433,1.34466,1.50,1.50
2011.01.21 03:00:22.995,1.34432,1.34466,1.13,1.50
2011.01.21 03:00:23.665,1.34428,1.34466,1.13,2.03
2011.01.21 03:00:24.978,1.34429,1.34466,1.13,2.03
2011.01.21 03:00:25.315,1.34428,1.34462,1.13,1.50
2011.01.21 03:00:27.826,1.34428,1.34461,1.13,1.13
2011.01.21 03:00:27.939,1.34423,1.34461,1.50,1.13
2011.01.21 03:00:28.425,1.34423,1.34459,1.50,1.88
2011.01.21 03:00:28.541,1.34418,1.34457,1.13,1.80
2011.01.21 03:00:28.986,1.34424,1.34459,1.13,1.50
2011.01.21 03:00:32.097,1.34421,1.34456,1.13,1.28
2011.01.21 03:00:32.682,1.34422,1.34456,2.25,1.80
2011.01.21 03:00:33.392,1.34423,1.34459,1.50,1.50
2011.01.21 03:00:34.116,1.34423,1.34459,1.50,1.50
2011.01.21 03:00:34.667,1.34423,1.34459,1.50,1.50
2011.01.21 03:00:34.886,1.34423,1.34463,1.50,1.50
2011.01.21 03:00:36.470,1.34423,1.34463,1.50,1.50
2011.01.21 03:00:41.586,1.34425,1.34463,2.25,1.50
2011.01.21 03:00:42.146,1.34425,1.34464,2.25,1.50
2011.01.21 03:00:43.070,1.34433,1.34466,1.50,1.50
2011.01.21 03:00:55.246,1.3443,1.34466,2.25,1.50
2011.01.21 03:00:56.086,1.34424,1.34466,3.00,2.55
2011.01.21 03:01:00.598,1.34422,1.34462,1.29,1.88
2011.01.21 03:01:00.715,1.34416,1.34459,1.88,1.50
2011.01.21 03:01:01.314,1.34409,1.3445,1.88,2.25
2011.01.21 03:01:02.529,1.34409,1.3445,1.88,2.25
2011.01.21 03:01:03.260,1.34412,1.34454,1.88,1.13
2011.01.21 03:01:03.376,1.34419,1.34456,1.13,1.88
2011.01.21 03:01:09.405,1.34418,1.34456,1.50,1.50
2011.01.21 03:01:10.054,1.34418,1.34458,1.13,1.50
2011.01.21 03:01:16.468,1.34418,1.34458,1.50,1.50
2011.01.21 03:01:17.125,1.34419,1.34458,2.25,1.50
2011.01.21 03:01:18.345,1.34416,1.34458,1.88,1.50
2011.01.21 03:01:18.455,1.34415,1.34458,2.25,1.50
2011.01.21 03:01:18.567,1.34413,1.34458,2.63,1.88
2011.01.21 03:01:19.006,1.34409,1.34455,3.92,1.50
2011.01.21 03:01:19.115,1.34409,1.34452,1.88,1.50
2011.01.21 03:01:20.487,1.34409,1.34452,2.25,1.50
2011.01.21 03:01:30.050,1.34411,1.34452,3.38,1.50
2011.01.21 03:01:32.528,1.34411,1.34451,2.25,1.13
2011.01.21 03:01:33.120,1.34406,1.34451,1.67,1.13
2011.01.21 03:01:33.244,1.34404,1.34445,1.13,1.50
2011.01.21 03:01:33.468,1.34398,1.34445,1.50,1.50
2011.01.21 03:01:34.234,1.34399,1.34441,1.50,1.50
2011.01.21 03:01:35.922,1.34413,1.34454,1.50,1.13
2011.01.21 03:01:36.267,1.34419,1.34458,1.50,2.25
2011.01.21 03:01:36.740,1.34423,1.3446,1.50,2.25
2011.01.21 03:01:37.075,1.34421,1.34462,1.13,2.25
2011.01.21 03:01:37.185,1.34418,1.34462,1.67,2.25
2011.01.21 03:01:37.955,1.34418,1.3446,1.67,2.25
2011.01.21 03:01:39.198,1.34422,1.34463,1.28,1.50
2011.01.21 03:01:39.702,1.34434,1.34473,1.50,1.13
2011.01.21 03:01:39.823,1.34424,1.34468,2.04,1.50
2011.01.21 03:01:39.935,1.34424,1.34468,2.04,1.50
2011.01.21 03:01:40.514,1.34429,1.34473,2.79,1.50
2011.01.21 03:01:40.631,1.34438,1.34477,1.50,1.50
2011.01.21 03:01:40.856,1.34439,1.3448,1.50,1.13
2011.01.21 03:01:41.352,1.34438,1.34481,3.00,1.50
2011.01.21 03:01:41.798,1.34438,1.34481,3.00,1.50
2011.01.21 03:01:42.266,1.34439,1.34484,1.50,2.25
2011.01.21 03:01:42.391,1.34443,1.34482,1.13,1.50
2011.01.21 03:01:42.508,1.34443,1.34483,1.13,1.50
2011.01.21 03:01:42.740,1.34439,1.34479,1.13,1.50
2011.01.21 03:01:43.244,1.34447,1.34494,2.25,1.50
2011.01.21 03:01:43.968,1.34449,1.34489,1.13,1.50
2011.01.21 03:01:44.080,1.34444,1.34489,1.50,1.50
2011.01.21 03:01:44.199,1.34448,1.34489,1.13,1.88
2011.01.21 03:01:45.216,1.34441,1.34489,1.29,1.50
2011.01.21 03:01:45.547,1.34438,1.34483,2.79,1.50
2011.01.21 03:01:46.732,1.34435,1.34483,1.29,1.50
2011.01.21 03:01:46.845,1.34434,1.34479,1.29,1.50
2011.01.21 03:01:48.360,1.34438,1.34484,3.17,1.50
2011.01.21 03:01:48.475,1.34438,1.34486,3.17,2.25
2011.01.21 03:01:49.053,1.34442,1.34486,1.29,1.50
2011.01.21 03:01:49.172,1.34443,1.3449,1.29,1.50
2011.01.21 03:01:50.067,1.34445,1.34491,1.29,1.50
2011.01.21 03:01:50.727,1.34445,1.34492,1.29,1.50
2011.01.21 03:01:51.488,1.34447,1.34494,2.04,1.50
2011.01.21 03:01:51.720,1.3445,1.34495,1.29,1.50
2011.01.21 03:01:52.276,1.3445,1.34499,1.29,1.50
2011.01.21 03:01:52.389,1.34458,1.34501,1.50,1.50
2011.01.21 03:01:52.873,1.34463,1.3451,2.04,1.50
2011.01.21 03:01:53.097,1.34462,1.34513,1.67,1.50
2011.01.21 03:01:53.524,1.34467,1.34514,1.29,2.25
2011.01.21 03:01:53.648,1.34471,1.34514,1.29,1.50
2011.01.21 03:01:54.250,1.34474,1.34519,1.50,3.00
2011.01.21 03:01:54.375,1.34471,1.34521,2.79,3.00
2011.01.21 03:01:55.154,1.34465,1.34502,1.50,1.50
2011.01.21 03:01:55.268,1.34461,1.34502,2.04,1.50
2011.01.21 03:01:55.378,1.34464,1.34502,1.50,1.50
2011.01.21 03:01:55.982,1.34467,1.34502,1.50,1.50
2011.01.21 03:01:56.318,1.34472,1.34513,1.50,1.50
2011.01.21 03:01:56.807,1.34468,1.34516,2.79,1.50
2011.01.21 03:01:56.923,1.34471,1.34517,1.29,1.28
2011.01.21 03:01:57.257,1.34471,1.34513,1.29,1.88
2011.01.21 03:01:57.708,1.34469,1.3451,2.04,1.13
2011.01.21 03:01:57.821,1.3446,1.34503,2.79,1.50
2011.01.21 03:01:57.936,1.3446,1.34501,2.79,1.50
2011.01.21 03:01:58.638,1.34467,1.34513,1.29,2.25
2011.01.21 03:01:59.560,1.34468,1.34512,2.04,1.50
2011.01.21 03:01:59.683,1.34466,1.3451,2.04,1.50
2011.01.21 03:01:59.906,1.34463,1.34502,2.79,1.50
2011.01.21 03:02:00.843,1.34465,1.34502,2.04,2.25
2011.01.21 03:02:00.962,1.34454,1.345,1.29,3.00
2011.01.21 03:02:02.615,1.34455,1.34493,2.04,1.50
2011.01.21 03:02:02.726,1.34452,1.34493,1.50,1.50
2011.01.21 03:02:03.519,1.34452,1.34492,1.50,1.13
2011.01.21 03:02:03.638,1.34448,1.3449,1.50,1.50
2011.01.21 03:02:04.657,1.34447,1.3449,1.50,1.50
2011.01.21 03:02:07.285,1.34447,1.34488,1.50,1.50
2011.01.21 03:02:07.856,1.34442,1.34483,2.04,1.50
2011.01.21 03:02:07.968,1.34442,1.34483,2.04,1.50
2011.01.21 03:02:09.246,1.34443,1.34482,1.50,3.38
2011.01.21 03:02:09.466,1.34442,1.34486,1.50,1.50
2011.01.21 03:02:10.129,1.34443,1.34473,1.50,1.50
2011.01.21 03:02:10.251,1.34443,1.34481,1.50,1.50
2011.01.21 03:02:10.478,1.34436,1.34482,1.29,2.25
2011.01.21 03:02:10.596,1.34439,1.34482,1.50,3.00
2011.01.21 03:02:11.279,1.34441,1.34482,1.50,2.25
2011.01.21 03:02:11.509,1.34444,1.34489,1.50,1.50
2011.01.21 03:02:11.846,1.34444,1.34489,2.04,1.50
2011.01.21 03:02:22.565,1.34443,1.34482,2.79,1.50
2011.01.21 03:02:23.266,1.34443,1.34489,1.29,1.50
2011.01.21 03:02:23.695,1.34439,1.34483,2.79,1.50
2011.01.21 03:02:23.805,1.34439,1.34483,2.79,2.25
2011.01.21 03:02:24.746,1.34439,1.34489,1.67,1.50
2011.01.21 03:02:24.860,1.34442,1.34494,2.79,1.13
2011.01.21 03:02:24.977,1.34449,1.34495,2.79,1.13
2011.01.21 03:02:25.786,1.34449,1.34497,2.79,3.00
2011.01.21 03:02:26.232,1.34449,1.34493,1.50,1.50
2011.01.21 03:02:26.346,1.34445,1.34493,1.29,1.50
2011.01.21 03:02:27.106,1.34439,1.34487,2.04,1.50
2011.01.21 03:02:27.225,1.34439,1.34487,2.04,1.50
2011.01.21 03:02:27.336,1.34441,1.34487,1.29,1.50
2011.01.21 03:02:29.216,1.34445,1.3449,1.29,1.50
2011.01.21 03:02:30.894,1.34449,1.34494,1.29,1.50
2011.01.21 03:02:34.522,1.34452,1.34494,1.50,1.50
2011.01.21 03:02:35.157,1.34449,1.34494,1.29,1.50
2011.01.21 03:02:36.070,1.34452,1.34494,1.29,1.50
2011.01.21 03:02:36.191,1.34454,1.34498,2.04,1.50
2011.01.21 03:02:37.538,1.34454,1.34502,1.29,1.50
2011.01.21 03:02:38.437,1.34457,1.34504,1.29,1.88
2011.01.21 03:02:38.549,1.34458,1.34504,1.29,1.50
2011.01.21 03:02:39.359,1.34458,1.34504,2.25,1.88
2011.01.21 03:02:39.806,1.34452,1.34501,2.79,1.50
2011.01.21 03:02:42.156,1.34452,1.34496,1.29,1.50
2011.01.21 03:02:42.762,1.34453,1.34498,2.04,1.50
2011.01.21 03:02:43.756,1.34458,1.34502,1.50,1.50
2011.01.21 03:02:44.358,1.34461,1.34504,1.50,1.50
2011.01.21 03:02:44.483,1.34458,1.34509,3.17,1.50
2011.01.21 03:02:44.708,1.34462,1.34507,1.29,2.25
2011.01.21 03:02:45.279,1.34458,1.34503,1.29,1.13
2011.01.21 03:02:45.400,1.34453,1.34501,2.04,1.50
2011.01.21 03:02:45.518,1.34453,1.34501,2.04,1.50
2011.01.21 03:02:50.908,1.34453,1.345,1.29,1.88
2011.01.21 03:02:51.127,1.3445,1.34497,2.04,1.50
2011.01.21 03:02:51.629,1.3445,1.34495,2.04,1.50
2011.01.21 03:02:53.001,1.3445,1.34493,2.04,1.50
2011.01.21 03:02:57.427,1.3445,1.34497,2.04,1.50
2011.01.21 03:02:57.540,1.34452,1.34496,1.29,1.50
2011.01.21 03:03:02.416,1.34452,1.34485,1.29,1.50
2011.01.21 03:03:02.527,1.34449,1.34485,1.50,1.50
2011.01.21 03:03:03.009,1.34444,1.34495,2.25,1.88
2011.01.21 03:03:03.131,1.34446,1.34495,2.79,1.50
2011.01.21 03:03:03.625,1.34446,1.34493,2.79,1.50
2011.01.21 03:03:09.915,1.34449,1.34493,1.50,1.50
2011.01.21 03:03:10.251,1.3445,1.34496,1.29,1.50
2011.01.21 03:03:12.904,1.34457,1.34503,2.04,1.50
2011.01.21 03:03:13.969,1.34456,1.345,1.50,1.50
2011.01.21 03:03:14.762,1.34455,1.345,1.50,1.88
2011.01.21 03:03:15.451,1.34451,1.34494,1.50,1.50
2011.01.21 03:03:15.789,1.34447,1.3449,1.50,1.50
2011.01.21 03:03:16.020,1.34447,1.34493,2.79,1.50
2011.01.21 03:03:16.482,1.34451,1.34493,1.50,1.50
2011.01.21 03:03:17.521,1.34451,1.34491,1.50,1.50
2011.01.21 03:03:18.053,1.34451,1.3449,1.50,1.50
2011.01.21 03:03:18.965,1.34455,1.3449,1.50,1.50
2011.01.21 03:03:19.185,1.34453,1.3449,1.50,1.50
2011.01.21 03:03:23.175,1.34453,1.34493,1.50,1.50
2011.01.21 03:03:25.867,1.34453,1.34499,1.88,1.50
2011.01.21 03:03:25.976,1.34457,1.34501,1.50,1.50
2011.01.21 03:03:26.438,1.34459,1.34501,2.04,1.50
2011.01.21 03:03:30.169,1.34461,1.34503,2.04,1.50
2011.01.21 03:03:33.235,1.34461,1.34502,1.50,1.50
2011.01.21 03:03:33.455,1.34458,1.34502,1.50,1.50
2011.01.21 03:03:33.961,1.34458,1.345,1.50,1.50
2011.01.21 03:03:34.084,1.3446,1.34502,1.50,1.50
2011.01.21 03:03:34.307,1.3446,1.34506,2.04,1.50
2011.01.21 03:03:38.917,1.34462,1.34506,1.50,1.50
2011.01.21 03:03:39.479,1.3446,1.34506,2.04,1.50
2011.01.21 03:03:40.727,1.34466,1.34508,1.50,1.50
2011.01.21 03:03:40.837,1.34467,1.34509,1.50,1.50
2011.01.21 03:03:41.055,1.34467,1.34513,1.50,1.50
2011.01.21 03:03:41.635,1.34467,1.34513,2.79,1.50
2011.01.21 03:03:45.056,1.34467,1.3451,2.79,1.50
2011.01.21 03:03:45.533,1.34464,1.34511,2.04,1.50
2011.01.21 03:03:47.336,1.34469,1.34514,2.04,1.50
2011.01.21 03:03:47.555,1.34467,1.34518,3.17,1.50
2011.01.21 03:03:48.058,1.34467,1.34518,3.17,1.50
2011.01.21 03:03:50.697,1.34474,1.34517,1.50,1.50
2011.01.21 03:03:52.309,1.34473,1.34517,3.54,1.50
2011.01.21 03:03:54.505,1.34473,1.3452,3.54,1.50
2011.01.21 03:03:58.055,1.34476,1.34521,1.29,1.50
2011.01.21 03:03:58.525,1.34476,1.34523,1.29,2.25
2011.01.21 03:04:00.332,1.34488,1.34523,1.29,1.50
2011.01.21 03:04:00.455,1.34492,1.34531,1.29,1.50
2011.01.21 03:04:00.682,1.34488,1.34534,2.79,1.50
2011.01.21 03:04:01.191,1.34493,1.34527,1.50,1.13
2011.01.21 03:04:01.908,1.34493,1.34526,1.50,1.50
2011.01.21 03:04:02.027,1.34489,1.34532,1.29,1.50
2011.01.21 03:04:02.136,1.34485,1.34532,1.29,1.50
2011.01.21 03:04:02.247,1.34485,1.34527,1.29,1.05
2011.01.21 03:04:02.358,1.34482,1.34527,1.29,1.80
2011.01.21 03:04:02.867,1.34482,1.34527,1.29,1.80
2011.01.21 03:04:03.458,1.34484,1.34527,2.79,1.80
2011.01.21 03:04:04.050,1.34485,1.34527,1.29,1.05
2011.01.21 03:04:04.497,1.34488,1.34527,1.29,1.05
2011.01.21 03:04:05.321,1.34489,1.34536,1.29,2.03
2011.01.21 03:04:05.550,1.34492,1.34536,1.29,1.50
2011.01.21 03:04:06.037,1.34488,1.34535,2.04,1.50
2011.01.21 03:04:06.699,1.34488,1.34533,2.04,1.50
2011.01.21 03:04:07.919,1.34483,1.34533,1.29,1.50
2011.01.21 03:04:08.367,1.34488,1.34533,1.50,1.50
2011.01.21 03:04:08.590,1.34488,1.34535,1.29,1.13
2011.01.21 03:04:09.150,1.34485,1.34535,2.79,1.13
2011.01.21 03:04:09.376,1.34486,1.34532,1.29,1.50
2011.01.21 03:04:10.036,1.34489,1.34535,1.29,1.50
2011.01.21 03:04:12.004,1.34485,1.34532,1.29,1.50
2011.01.21 03:04:12.785,1.34484,1.34532,1.29,1.88
2011.01.21 03:04:13.463,1.34489,1.34534,1.29,1.50
2011.01.21 03:04:13.905,1.34485,1.34531,2.79,1.50
2011.01.21 03:04:15.295,1.34488,1.34531,1.50,1.50
2011.01.21 03:04:15.408,1.34488,1.34533,2.79,2.25
2011.01.21 03:04:17.165,1.34486,1.34531,2.04,1.50
2011.01.21 03:04:19.487,1.34483,1.34529,3.54,1.50
2011.01.21 03:04:21.385,1.34486,1.34532,1.29,1.50
2011.01.21 03:04:21.495,1.34486,1.34533,1.67,1.50
2011.01.21 03:04:22.046,1.34486,1.34532,2.79,1.50
2011.01.21 03:04:23.257,1.34483,1.34527,4.29,1.80
2011.01.21 03:04:23.586,1.34483,1.34526,1.50,1.50
2011.01.21 03:04:24.518,1.3448,1.34526,1.29,1.50
2011.01.21 03:04:25.017,1.34484,1.34526,1.88,1.50
2011.01.21 03:04:25.235,1.34491,1.34536,3.54,1.50
2011.01.21 03:04:25.787,1.34493,1.34539,1.29,1.50
2011.01.21 03:04:26.486,1.34496,1.34542,1.29,1.50
2011.01.21 03:04:30.146,1.34495,1.34538,1.50,1.50
2011.01.21 03:04:30.745,1.34492,1.34538,1.29,1.50
2011.01.21 03:04:32.926,1.34492,1.34536,1.67,1.50
2011.01.21 03:04:33.558,1.34478,1.3452,1.13,2.25
2011.01.21 03:04:33.676,1.34477,1.34522,1.50,1.13
2011.01.21 03:04:33.895,1.34479,1.34522,1.50,1.13
2011.01.21 03:04:34.392,1.34476,1.34519,1.50,1.50
2011.01.21 03:04:34.506,1.34476,1.34521,2.04,1.50
2011.01.21 03:04:34.619,1.34477,1.34523,1.29,1.50
2011.01.21 03:04:34.743,1.34484,1.34523,1.50,1.50
2011.01.21 03:04:35.437,1.34477,1.34523,1.29,1.50
2011.01.21 03:04:35.767,1.34477,1.34526,1.67,1.50
2011.01.21 03:04:35.878,1.34482,1.34528,1.29,1.50
2011.01.21 03:04:36.527,1.34484,1.34531,2.79,1.50
2011.01.21 03:04:36.637,1.34485,1.34531,1.29,1.50
2011.01.21 03:04:37.786,1.34484,1.34531,1.29,1.50
2011.01.21 03:04:38.494,1.34481,1.34528,2.79,1.50
2011.01.21 03:04:40.425,1.34488,1.34528,1.50,1.50
2011.01.21 03:04:40.645,1.34488,1.34533,2.04,1.50
2011.01.21 03:04:42.308,1.34495,1.34538,1.88,1.50
2011.01.21 03:04:42.838,1.34495,1.34534,1.88,1.28
2011.01.21 03:04:42.954,1.34478,1.34517,2.42,1.50
2011.01.21 03:04:43.178,1.34479,1.34527,2.04,2.63
2011.01.21 03:04:43.407,1.34479,1.34526,2.04,1.13
2011.01.21 03:04:44.565,1.34483,1.34523,1.50,1.50
2011.01.21 03:04:44.895,1.34485,1.34523,1.50,1.50
2011.01.21 03:04:45.117,1.3448,1.34523,2.04,1.50
2011.01.21 03:04:45.896,1.3448,1.34521,2.04,1.50
2011.01.21 03:04:46.226,1.34477,1.34519,1.50,1.50
2011.01.21 03:04:49.506,1.34477,1.34522,3.17,1.50
2011.01.21 03:04:51.836,1.3448,1.34522,1.50,1.50
2011.01.21 03:04:52.395,1.34479,1.34522,2.04,1.50
2011.01.21 03:04:53.996,1.34478,1.3452,1.50,1.50
2011.01.21 03:04:54.642,1.34479,1.3452,1.50,1.50
2011.01.21 03:04:54.976,1.34482,1.3452,1.50,1.50
2011.01.21 03:04:55.305,1.34481,1.3452,2.25,1.50
2011.01.21 03:04:55.638,1.34486,1.3452,2.25,1.50
2011.01.21 03:04:56.716,1.34497,1.3453,1.88,1.50
2011.01.21 03:04:56.826,1.34497,1.34533,1.88,1.50
2011.01.21 03:04:57.416,1.34483,1.34525,2.63,1.50
2011.01.21 03:04:57.966,1.34479,1.34522,3.92,1.50
2011.01.21 03:04:58.380,1.34481,1.34521,1.88,1.50
2011.01.21 03:04:59.629,1.34481,1.34523,1.88,1.50
2011.01.21 03:05:00.236,1.34489,1.34526,1.50,1.88
2011.01.21 03:05:00.784,1.34478,1.3452,1.88,1.50
2011.01.21 03:05:01.335,1.34478,1.34519,3.38,1.50
2011.01.21 03:05:02.486,1.34481,1.3452,1.88,1.50
2011.01.21 03:05:03.430,1.34481,1.34522,1.50,1.50
2011.01.21 03:05:04.525,1.34479,1.34522,1.88,1.50
2011.01.21 03:05:05.658,1.34479,1.34522,1.88,1.50
2011.01.21 03:05:06.710,1.34481,1.34522,2.25,1.50
2011.01.21 03:05:07.601,1.34479,1.34522,1.88,1.50
2011.01.21 03:05:10.293,1.34479,1.34522,1.88,1.50
2011.01.21 03:05:10.955,1.34479,1.34522,1.88,1.50
2011.01.21 03:05:11.487,1.34479,1.34522,2.42,1.50
2011.01.21 03:05:11.606,1.34488,1.34533,3.92,1.13
2011.01.21 03:05:12.715,1.34488,1.34531,3.92,1.50
2011.01.21 03:05:14.095,1.34488,1.34531,2.42,1.50
2011.01.21 03:05:14.715,1.34482,1.34526,2.79,1.13
2011.01.21 03:05:14.827,1.34482,1.34526,2.25,1.13
2011.01.21 03:05:15.267,1.34489,1.34523,1.50,1.50
2011.01.21 03:05:15.684,1.34502,1.34537,1.50,1.13
2011.01.21 03:05:15.803,1.34502,1.34539,1.88,1.50
2011.01.21 03:05:15.917,1.34502,1.34543,1.88,1.50
2011.01.21 03:05:16.416,1.34502,1.34545,1.88,1.50
2011.01.21 03:05:16.531,1.34503,1.34548,3.38,1.50
2011.01.21 03:05:16.766,1.34503,1.34547,4.29,1.50
2011.01.21 03:05:16.880,1.34508,1.34548,2.03,1.50
2011.01.21 03:05:17.419,1.34514,1.34556,1.88,2.03
2011.01.21 03:05:17.538,1.34517,1.34556,2.40,2.03
2011.01.21 03:05:17.648,1.34522,1.3456,1.50,1.28
2011.01.21 03:05:18.142,1.34523,1.34562,1.50,1.13
2011.01.21 03:05:18.884,1.34527,1.34565,1.50,1.50
2011.01.21 03:05:19.325,1.34524,1.34565,1.50,1.50
2011.01.21 03:05:20.141,1.34519,1.34559,1.50,1.50
2011.01.21 03:05:20.477,1.34516,1.34557,1.50,1.50
2011.01.21 03:05:20.807,1.34517,1.34557,3.53,1.50
2011.01.21 03:05:21.377,1.34508,1.3455,2.04,1.50
2011.01.21 03:05:21.487,1.3451,1.34554,1.29,1.13
2011.01.21 03:05:22.082,1.34515,1.34549,2.04,1.50
2011.01.21 03:05:22.201,1.34515,1.34554,2.04,1.50
2011.01.21 03:05:23.098,1.34518,1.34554,2.04,1.50
2011.01.21 03:05:23.315,1.3452,1.3456,2.04,1.50
2011.01.21 03:05:23.535,1.34521,1.34559,2.04,1.50
2011.01.21 03:05:24.489,1.34524,1.34565,1.50,3.00
2011.01.21 03:05:25.092,1.34523,1.34565,2.42,2.25
2011.01.21 03:05:25.645,1.34526,1.34565,1.29,1.50
2011.01.21 03:05:26.513,1.34525,1.34564,1.50,1.50
2011.01.21 03:05:26.629,1.34528,1.3457,1.29,2.25
2011.01.21 03:05:27.188,1.34528,1.34564,1.29,1.50
2011.01.21 03:05:27.738,1.34524,1.34559,2.42,1.50
2011.01.21 03:05:28.346,1.34524,1.34559,2.42,1.50
2011.01.21 03:05:29.507,1.34516,1.34555,2.63,2.25
2011.01.21 03:05:29.617,1.34516,1.34555,2.25,2.25
2011.01.21 03:05:30.004,1.34516,1.34544,2.25,1.50
2011.01.21 03:05:30.340,1.34513,1.3455,1.50,1.50
2011.01.21 03:05:30.568,1.34515,1.34555,2.79,1.50
2011.01.21 03:05:31.168,1.34519,1.34557,1.29,1.50
2011.01.21 03:05:31.280,1.34519,1.3456,1.29,1.50
2011.01.21 03:05:31.859,1.34522,1.34565,1.67,1.50
2011.01.21 03:05:32.195,1.34527,1.34565,1.88,1.50
2011.01.21 03:05:36.485,1.34528,1.34565,1.29,1.50
2011.01.21 03:05:36.816,1.34539,1.34581,1.50,1.50
2011.01.21 03:05:37.281,1.34538,1.34581,2.04,1.50
2011.01.21 03:05:38.166,1.34539,1.34581,1.50,1.50
2011.01.21 03:05:38.737,1.34538,1.34581,1.50,1.50
2011.01.21 03:05:39.995,1.34539,1.34581,1.50,1.50
2011.01.21 03:05:40.777,1.34539,1.34581,1.50,1.50
2011.01.21 03:05:40.896,1.34538,1.34577,1.13,1.50
2011.01.21 03:05:41.009,1.34535,1.34573,1.13,1.50
2011.01.21 03:05:41.456,1.34535,1.34573,1.13,2.25
2011.01.21 03:05:41.565,1.34529,1.34573,1.67,3.00
2011.01.21 03:05:42.101,1.34533,1.34573,1.50,1.50
2011.01.21 03:05:42.546,1.34529,1.34573,2.42,1.50
2011.01.21 03:05:43.254,1.34529,1.34573,2.42,1.50
2011.01.21 03:05:43.368,1.34527,1.34564,1.67,1.50
2011.01.21 03:05:43.770,1.34519,1.34563,2.79,1.50
2011.01.21 03:05:43.893,1.3452,1.34568,2.63,1.50
2011.01.21 03:05:44.008,1.3452,1.34566,2.63,1.50
2011.01.21 03:05:46.660,1.34525,1.34566,1.67,2.25
2011.01.21 03:05:46.783,1.34525,1.34566,1.29,2.63
2011.01.21 03:05:46.896,1.34524,1.34564,1.50,1.13
2011.01.21 03:05:47.492,1.34524,1.34559,1.13,1.50
2011.01.21 03:05:47.910,1.34514,1.34551,1.25,1.50
2011.01.21 03:05:48.570,1.34517,1.3455,1.41,1.13
2011.01.21 03:05:48.692,1.34503,1.34545,1.13,1.88
2011.01.21 03:05:48.916,1.34504,1.34545,1.50,1.88
2011.01.21 03:05:49.465,1.34504,1.34548,2.04,1.50
2011.01.21 03:05:50.300,1.34514,1.34548,1.88,1.50
2011.01.21 03:05:50.418,1.34513,1.34549,2.25,1.50
2011.01.21 03:05:50.943,1.34513,1.34551,2.25,1.50
2011.01.21 03:05:51.929,1.34508,1.34552,1.50,3.00
2011.01.21 03:05:52.474,1.34509,1.34552,2.63,3.00
2011.01.21 03:05:53.069,1.3451,1.34552,1.88,3.00
2011.01.21 03:05:53.692,1.3451,1.34552,1.88,3.00
2011.01.21 03:05:54.504,1.3451,1.34552,1.88,3.00
2011.01.21 03:05:54.977,1.34508,1.34549,1.13,1.13
2011.01.21 03:05:55.306,1.34509,1.34546,1.13,1.50
2011.01.21 03:05:55.998,1.34509,1.34544,1.13,1.50
2011.01.21 03:05:57.065,1.34508,1.34548,1.13,1.50
2011.01.21 03:05:59.700,1.34499,1.34542,1.29,2.25
2011.01.21 03:06:01.139,1.34498,1.34541,1.50,3.00
2011.01.21 03:06:02.398,1.34502,1.34541,1.13,3.00
2011.01.21 03:06:02.506,1.34498,1.34541,1.50,1.50
2011.01.21 03:06:02.944,1.34498,1.34541,1.13,3.00
2011.01.21 03:06:03.965,1.34499,1.34541,1.13,3.00
2011.01.21 03:06:05.016,1.34498,1.34539,1.13,1.50
2011.01.21 03:06:05.347,1.34499,1.34537,1.13,1.50
2011.01.21 03:06:05.911,1.34498,1.34537,1.13,1.50
2011.01.21 03:06:07.274,1.34503,1.34543,1.13,1.50
2011.01.21 03:06:08.444,1.34501,1.34544,1.13,1.50
2011.01.21 03:06:08.556,1.34503,1.34544,1.13,1.50
2011.01.21 03:06:09.469,1.345,1.34542,1.88,1.88
2011.01.21 03:06:09.949,1.34502,1.34539,1.88,1.50
2011.01.21 03:06:10.075,1.34498,1.34542,1.50,1.13
2011.01.21 03:06:10.298,1.34495,1.34541,2.04,3.38
2011.01.21 03:06:11.074,1.34495,1.34537,1.50,1.50
2011.01.21 03:06:11.885,1.34495,1.34534,1.50,1.50
2011.01.21 03:06:12.878,1.34493,1.34534,2.25,1.50
2011.01.21 03:06:13.915,1.34494,1.34533,1.13,1.50
2011.01.21 03:06:14.465,1.34488,1.34529,3.00,2.25
2011.01.21 03:06:23.005,1.34489,1.34529,1.13,2.25
2011.01.21 03:06:24.596,1.34492,1.34529,1.13,2.25
2011.01.21 03:06:25.307,1.34494,1.3453,1.13,1.50
2011.01.21 03:06:25.526,1.34484,1.34528,2.79,1.50
2011.01.21 03:06:26.332,1.34485,1.34528,1.29,1.50
2011.01.21 03:06:27.119,1.34484,1.34521,2.42,1.50
2011.01.21 03:06:28.300,1.34481,1.34521,1.29,1.50
2011.01.21 03:06:30.157,1.34486,1.34529,1.29,2.25
2011.01.21 03:06:31.685,1.34483,1.34521,1.67,1.50
2011.01.21 03:06:34.185,1.34489,1.34526,1.67,1.50
2011.01.21 03:06:35.117,1.34489,1.34533,1.29,1.50
2011.01.21 03:06:36.136,1.34489,1.34533,1.29,1.50
2011.01.21 03:06:36.469,1.34489,1.34528,1.29,1.50
2011.01.21 03:06:36.950,1.34484,1.34528,1.29,1.50
2011.01.21 03:06:42.945,1.34484,1.34526,2.04,2.25
2011.01.21 03:06:43.056,1.34484,1.34521,2.04,1.50
2011.01.21 03:06:43.166,1.34484,1.34521,1.13,2.25
2011.01.21 03:06:43.717,1.34484,1.34521,1.13,2.25
2011.01.21 03:06:47.055,1.34483,1.34518,1.13,1.50
2011.01.21 03:06:47.277,1.34471,1.3451,1.29,1.50
2011.01.21 03:06:47.386,1.34473,1.34519,2.04,1.50
2011.01.21 03:06:47.497,1.34483,1.34519,1.13,1.50
2011.01.21 03:06:48.050,1.34483,1.3452,1.13,1.50
2011.01.21 03:06:48.965,1.34478,1.3452,1.50,1.50
2011.01.21 03:06:53.965,1.34478,1.3452,1.50,1.50
2011.01.21 03:06:55.717,1.34479,1.3452,1.13,1.50
2011.01.21 03:06:55.937,1.34479,1.34524,1.67,1.50
2011.01.21 03:06:56.641,1.34479,1.34524,2.04,1.50
2011.01.21 03:06:56.919,1.34479,1.34524,1.67,1.50
2011.01.21 03:06:57.615,1.3448,1.34524,1.50,1.50
2011.01.21 03:06:58.647,1.34479,1.34524,2.42,1.50
2011.01.21 03:07:00.576,1.34472,1.34516,1.88,3.38
2011.01.21 03:07:01.384,1.34469,1.3451,1.88,1.50
2011.01.21 03:07:03.702,1.34469,1.3451,1.88,1.50
2011.01.21 03:07:06.485,1.34469,1.3451,1.88,1.50
2011.01.21 03:07:07.646,1.34469,1.3451,1.88,1.50
2011.01.21 03:07:08.116,1.34469,1.3451,1.50,1.88
2011.01.21 03:07:08.227,1.34463,1.34508,1.29,1.50
2011.01.21 03:07:09.725,1.34462,1.34508,1.29,1.50
2011.01.21 03:07:10.056,1.3446,1.34503,1.88,1.50
2011.01.21 03:07:10.580,1.3446,1.34496,1.50,1.50
2011.01.21 03:07:10.696,1.34455,1.34496,1.88,1.50
2011.01.21 03:07:12.237,1.34451,1.34497,4.29,1.50
2011.01.21 03:07:13.043,1.34452,1.345,1.67,1.50
2011.01.21 03:07:13.161,1.34454,1.345,2.04,1.50
2011.01.21 03:07:14.221,1.34454,1.345,1.29,1.50
2011.01.21 03:07:14.627,1.34452,1.345,1.67,1.50
2011.01.21 03:07:14.739,1.3446,1.345,1.88,1.50
2011.01.21 03:07:15.282,1.3446,1.345,1.88,1.50
2011.01.21 03:07:15.399,1.3446,1.345,1.50,1.50
2011.01.21 03:07:15.627,1.34453,1.34497,1.13,1.50
2011.01.21 03:07:15.738,1.34453,1.34497,1.13,1.50
2011.01.21 03:07:16.433,1.34446,1.34489,1.88,1.50
2011.01.21 03:07:16.769,1.34444,1.34486,1.50,1.50
2011.01.21 03:07:17.690,1.34444,1.34486,1.13,1.88
2011.01.21 03:07:18.525,1.34438,1.34479,1.13,1.50
2011.01.21 03:07:18.638,1.34444,1.34483,1.50,2.25
2011.01.21 03:07:19.490,1.34433,1.34478,2.04,2.25
2011.01.21 03:07:19.715,1.34433,1.34476,2.79,1.50
2011.01.21 03:07:23.265,1.34434,1.34476,1.50,1.50
2011.01.21 03:07:27.487,1.34434,1.34476,1.13,1.50
2011.01.21 03:07:31.525,1.34433,1.34476,1.50,1.50
2011.01.21 03:07:31.857,1.34439,1.3448,1.50,1.50
2011.01.21 03:07:32.478,1.34439,1.3448,1.50,1.50
2011.01.21 03:07:33.527,1.34439,1.3448,1.50,1.50
2011.01.21 03:07:34.046,1.34439,1.3448,1.50,1.50
2011.01.21 03:07:34.682,1.34438,1.34478,1.13,2.25
2011.01.21 03:07:34.800,1.34433,1.34478,1.50,3.00
2011.01.21 03:07:35.530,1.34434,1.34477,1.50,1.13
2011.01.21 03:07:35.999,1.34434,1.34477,1.50,1.50
2011.01.21 03:07:38.488,1.34443,1.34477,1.50,1.50
2011.01.21 03:07:38.597,1.34443,1.34478,1.50,1.50
2011.01.21 03:07:39.042,1.34443,1.34487,1.50,1.50
2011.01.21 03:07:39.160,1.34443,1.34488,1.50,2.25
2011.01.21 03:07:41.090,1.34443,1.34488,1.50,2.63
2011.01.21 03:07:42.738,1.34443,1.34488,1.50,3.75
2011.01.21 03:07:43.321,1.34449,1.34488,1.50,1.50
2011.01.21 03:07:44.761,1.34448,1.34492,1.50,1.50
2011.01.21 03:07:45.737,1.34448,1.34492,1.50,1.88
2011.01.21 03:07:46.717,1.34448,1.34492,1.50,1.50
2011.01.21 03:07:46.937,1.34448,1.34491,1.50,1.13
2011.01.21 03:07:48.180,1.34448,1.34488,1.50,1.50
2011.01.21 03:07:50.079,1.3445,1.34492,1.88,1.50
2011.01.21 03:07:51.185,1.3445,1.34492,2.25,1.50
2011.01.21 03:07:53.179,1.3445,1.34492,1.50,1.50
2011.01.21 03:07:57.566,1.3445,1.34492,1.88,1.50
2011.01.21 03:07:57.896,1.34448,1.34496,2.42,1.50
2011.01.21 03:07:58.777,1.34447,1.34493,1.29,1.50
2011.01.21 03:07:59.557,1.3445,1.34493,1.50,1.50
2011.01.21 03:08:00.496,1.34447,1.34493,3.17,1.50
2011.01.21 03:08:01.265,1.34447,1.34492,1.50,1.50
2011.01.21 03:08:02.347,1.34452,1.34492,1.50,1.50
2011.01.21 03:08:02.565,1.3445,1.34492,2.04,1.50
2011.01.21 03:08:03.025,1.3445,1.34496,2.04,1.50
2011.01.21 03:08:04.638,1.34449,1.34496,2.42,1.50
2011.01.21 03:08:04.855,1.34451,1.34498,2.79,1.50
2011.01.21 03:08:08.416,1.34454,1.34498,1.29,1.50
2011.01.21 03:08:08.907,1.34454,1.34502,2.04,1.88
2011.01.21 03:08:09.888,1.34459,1.34502,1.50,1.50
2011.01.21 03:08:10.105,1.34457,1.34502,1.50,1.50
2011.01.21 03:08:11.175,1.34456,1.34502,2.42,1.50
2011.01.21 03:08:12.696,1.34457,1.34502,1.50,1.50
2011.01.21 03:08:13.286,1.34457,1.34501,2.79,1.50
2011.01.21 03:08:21.548,1.34467,1.34501,1.50,1.50
2011.01.21 03:08:21.769,1.34468,1.34513,2.79,1.50
2011.01.21 03:08:22.290,1.34467,1.34511,2.04,1.50
2011.01.21 03:08:22.408,1.34467,1.34509,1.50,1.50
2011.01.21 03:08:22.629,1.3446,1.34509,1.67,1.50
2011.01.21 03:08:23.099,1.34455,1.345,2.42,3.00
2011.01.21 03:08:23.215,1.34455,1.345,2.04,3.00
2011.01.21 03:08:24.429,1.34454,1.34496,1.50,1.50
2011.01.21 03:08:29.424,1.34451,1.34496,2.79,1.50
2011.01.21 03:08:32.498,1.34454,1.34497,2.04,1.50
2011.01.21 03:08:33.185,1.34454,1.345,2.04,1.50
2011.01.21 03:08:38.316,1.34458,1.345,1.50,1.50
2011.01.21 03:08:38.538,1.34463,1.34506,1.88,1.50
2011.01.21 03:08:38.967,1.34467,1.34512,1.29,1.50
2011.01.21 03:08:41.099,1.34468,1.34515,2.49,1.88
2011.01.21 03:08:41.783,1.34468,1.34514,3.17,2.25
2011.01.21 03:08:41.905,1.34473,1.34516,1.50,1.50
2011.01.21 03:08:42.238,1.34469,1.34515,2.87,1.13
2011.01.21 03:08:42.832,1.34467,1.34513,1.29,3.00
2011.01.21 03:08:43.167,1.34469,1.34516,1.29,2.25
2011.01.21 03:08:43.988,1.34469,1.34513,1.29,1.50
2011.01.21 03:08:44.102,1.34466,1.34513,1.29,3.00
2011.01.21 03:08:45.036,1.34464,1.34509,1.29,1.50
2011.01.21 03:08:46.316,1.34464,1.34509,2.04,1.50
2011.01.21 03:08:46.428,1.34469,1.34512,1.95,1.50
2011.01.21 03:08:47.149,1.34469,1.34516,2.42,1.50
2011.01.21 03:08:47.756,1.3447,1.34517,1.67,2.25
2011.01.21 03:08:48.887,1.34474,1.34519,1.50,1.50
2011.01.21 03:08:49.218,1.34479,1.34519,1.95,1.50
2011.01.21 03:08:49.327,1.34474,1.34523,1.29,2.25
2011.01.21 03:08:49.808,1.34474,1.34522,1.67,1.50
2011.01.21 03:08:51.065,1.34471,1.34519,2.42,1.50
2011.01.21 03:08:51.176,1.34471,1.34518,2.04,1.50
2011.01.21 03:08:54.686,1.34474,1.34521,3.17,1.50
2011.01.21 03:08:56.051,1.34478,1.34523,1.29,1.50
2011.01.21 03:08:58.345,1.3448,1.34527,1.29,1.50
2011.01.21 03:09:01.026,1.34484,1.34531,1.13,3.75
2011.01.21 03:09:01.488,1.34484,1.34531,1.67,3.00
2011.01.21 03:09:01.815,1.34487,1.34531,1.29,1.50
2011.01.21 03:09:03.234,1.34493,1.34533,1.50,2.25
2011.01.21 03:09:03.356,1.34493,1.34537,1.29,2.25
2011.01.21 03:09:05.608,1.34493,1.34539,1.67,1.50
2011.01.21 03:09:06.214,1.34496,1.34545,3.17,1.20
2011.01.21 03:09:06.332,1.34493,1.3454,1.29,2.25
2011.01.21 03:09:06.447,1.34493,1.3454,1.29,2.25
2011.01.21 03:09:07.142,1.34504,1.3454,1.29,1.50
2011.01.21 03:09:07.765,1.34504,1.3455,1.29,3.00
2011.01.21 03:09:08.097,1.34504,1.3455,1.67,3.00
2011.01.21 03:09:08.556,1.34508,1.34556,1.67,1.50
2011.01.21 03:09:09.578,1.34508,1.34551,1.29,1.50
2011.01.21 03:09:11.766,1.34506,1.34551,1.29,2.25
2011.01.21 03:09:12.437,1.34506,1.34551,1.67,2.25
2011.01.21 03:09:12.546,1.34512,1.34559,1.50,1.50
2011.01.21 03:09:12.950,1.34512,1.34559,2.04,1.50
2011.01.21 03:09:13.075,1.34511,1.34551,1.29,1.50
2011.01.21 03:09:14.317,1.34512,1.34559,2.04,1.50
2011.01.21 03:09:17.291,1.34512,1.34556,3.54,1.50
2011.01.21 03:09:17.635,1.34511,1.34555,3.00,1.50
2011.01.21 03:09:17.856,1.34511,1.34559,4.29,1.50
2011.01.21 03:09:18.855,1.34515,1.34561,1.29,3.00
2011.01.21 03:09:21.126,1.34522,1.34566,1.50,2.03
2011.01.21 03:09:21.455,1.3452,1.3456,1.29,1.50
2011.01.21 03:09:21.942,1.34517,1.3456,1.29,1.50
2011.01.21 03:09:22.277,1.34517,1.34566,1.29,1.50
2011.01.21 03:09:22.386,1.34519,1.34567,1.29,1.50
2011.01.21 03:09:22.891,1.34519,1.3456,1.29,1.50
2011.01.21 03:09:23.448,1.34517,1.34561,2.04,2.25
2011.01.21 03:09:24.003,1.34518,1.34561,1.50,2.25
2011.01.21 03:09:24.341,1.34521,1.3456,1.50,2.25
2011.01.21 03:09:24.881,1.34515,1.3456,2.04,2.25
2011.01.21 03:09:25.981,1.34518,1.34562,1.50,1.50
2011.01.21 03:09:26.537,1.34516,1.34562,2.04,1.50
2011.01.21 03:09:29.137,1.34518,1.34561,1.29,1.50
2011.01.21 03:09:29.357,1.34522,1.34567,1.50,1.28
2011.01.21 03:09:29.855,1.3452,1.34567,1.50,1.13
2011.01.21 03:09:30.667,1.34521,1.34568,1.50,1.50
2011.01.21 03:09:31.872,1.34521,1.34568,1.88,1.50
2011.01.21 03:09:31.995,1.34529,1.34573,1.29,1.50
2011.01.21 03:09:32.765,1.34532,1.34574,1.29,1.50
2011.01.21 03:09:35.061,1.3453,1.34574,1.50,1.50
2011.01.21 03:09:37.066,1.34528,1.3457,1.50,1.50
2011.01.21 03:09:37.178,1.34525,1.3457,2.04,1.50
2011.01.21 03:09:37.396,1.34524,1.34576,2.79,3.00
2011.01.21 03:09:37.823,1.34524,1.34576,2.79,2.55
2011.01.21 03:09:37.938,1.34529,1.34577,1.50,1.05
2011.01.21 03:09:38.378,1.34529,1.34576,2.25,1.05
2011.01.21 03:09:38.487,1.34531,1.34577,1.88,1.05
2011.01.21 03:09:39.197,1.34529,1.3457,1.50,1.50
2011.01.21 03:09:44.450,1.34528,1.3457,1.50,1.50
2011.01.21 03:09:44.788,1.34528,1.34564,1.13,1.50
2011.01.21 03:09:45.277,1.34524,1.34569,3.00,1.50
2011.01.21 03:09:45.611,1.34523,1.34564,1.50,1.50
2011.01.21 03:09:46.091,1.34524,1.3457,1.50,2.48
2011.01.21 03:09:46.829,1.34528,1.34567,1.13,1.05
2011.01.21 03:09:50.116,1.34528,1.3457,1.13,1.50
2011.01.21 03:09:51.396,1.34523,1.3457,1.13,1.50
2011.01.21 03:09:51.506,1.34523,1.34568,1.13,1.50
2011.01.21 03:09:52.204,1.34522,1.34566,1.13,2.70
2011.01.21 03:09:52.323,1.34511,1.34561,2.42,1.50
2011.01.21 03:09:53.608,1.34511,1.3455,2.04,1.50
2011.01.21 03:09:54.151,1.34503,1.3455,2.25,1.50
2011.01.21 03:09:54.272,1.34503,1.3455,1.50,1.50
2011.01.21 03:09:55.232,1.34501,1.34546,2.42,1.50
2011.01.21 03:09:55.460,1.34501,1.34551,2.25,3.75
2011.01.21 03:09:56.015,1.34501,1.34551,1.88,2.25
2011.01.21 03:09:56.458,1.34498,1.34541,1.88,1.50
2011.01.21 03:09:56.574,1.34493,1.34548,3.75,2.25
2011.01.21 03:09:56.688,1.34494,1.34542,3.54,1.50
2011.01.21 03:09:57.757,1.34492,1.34542,2.25,1.95
2011.01.21 03:09:58.086,1.34493,1.34542,1.88,1.95
2011.01.21 03:09:58.651,1.34493,1.34542,1.88,1.50
2011.01.21 03:09:59.099,1.34497,1.34544,1.50,1.20
2011.01.21 03:09:59.550,1.34497,1.34545,1.88,2.25
2011.01.21 03:09:59.672,1.34501,1.34551,1.88,3.00
2011.01.21 03:10:02.261,1.34512,1.34554,1.50,2.70
2011.01.21 03:10:02.491,1.34512,1.34556,1.50,2.25
2011.01.21 03:10:02.612,1.34512,1.34559,1.50,1.50
2011.01.21 03:10:03.180,1.34512,1.3456,1.50,1.50
2011.01.21 03:10:03.408,1.34514,1.34566,1.50,1.95
2011.01.21 03:10:03.516,1.34514,1.34566,1.88,2.03
2011.01.21 03:10:04.000,1.34514,1.34567,1.88,1.50
2011.01.21 03:10:04.929,1.34514,1.34567,1.50,2.25
2011.01.21 03:10:05.050,1.34514,1.34564,1.50,1.50
2011.01.21 03:10:06.547,1.34514,1.34564,3.17,1.50
2011.01.21 03:10:06.975,1.34514,1.34566,2.42,1.50
2011.01.21 03:10:07.926,1.34514,1.34562,2.04,1.50
2011.01.21 03:10:08.036,1.34511,1.34561,3.17,1.50
2011.01.21 03:10:08.145,1.34511,1.34561,2.42,1.50
2011.01.21 03:10:09.118,1.34511,1.34561,2.42,1.50
2011.01.21 03:10:09.358,1.34511,1.34559,2.04,1.50
2011.01.21 03:10:10.588,1.34513,1.34559,2.04,1.50
2011.01.21 03:10:10.704,1.34521,1.34568,1.50,1.50
2011.01.21 03:10:14.629,1.34514,1.34566,2.42,1.50
2011.01.21 03:10:16.506,1.34515,1.34568,2.04,1.50
2011.01.21 03:10:16.615,1.34521,1.34568,1.50,1.50
2011.01.21 03:10:17.484,1.34521,1.34566,1.50,1.05
2011.01.21 03:10:17.705,1.34515,1.34565,2.04,1.50
2011.01.21 03:10:19.336,1.34515,1.34564,2.04,1.50
2011.01.21 03:10:20.248,1.34515,1.34561,2.04,1.50
2011.01.21 03:10:20.956,1.34521,1.34559,1.50,1.50
2011.01.21 03:10:21.066,1.34521,1.34564,1.50,1.50
2011.01.21 03:10:23.791,1.34521,1.34564,1.88,1.50
2011.01.21 03:10:24.357,1.34521,1.34565,1.88,1.50
2011.01.21 03:10:24.825,1.34521,1.34565,2.25,1.50
2011.01.21 03:10:25.155,1.34528,1.34567,1.50,1.05
2011.01.21 03:10:26.035,1.34525,1.34567,1.50,2.55
2011.01.21 03:10:27.287,1.34521,1.34567,1.50,2.55
2011.01.21 03:10:27.506,1.34525,1.34567,1.50,1.05
2011.01.21 03:10:28.058,1.34525,1.34567,1.50,1.05
2011.01.21 03:10:30.531,1.3452,1.34566,1.50,1.05
2011.01.21 03:10:30.977,1.3452,1.34564,1.50,1.50
2011.01.21 03:10:32.727,1.34526,1.34564,1.50,2.25
2011.01.21 03:10:32.838,1.34526,1.34566,1.50,1.05
2011.01.21 03:10:34.192,1.34526,1.34565,1.50,1.50
2011.01.21 03:10:34.307,1.3452,1.34565,1.50,1.50
2011.01.21 03:10:34.857,1.34514,1.34564,1.50,1.50
2011.01.21 03:10:35.351,1.34511,1.34559,1.50,1.50
2011.01.21 03:10:35.686,1.34515,1.34562,1.50,1.50
2011.01.21 03:10:37.172,1.34511,1.34559,1.50,1.50
2011.01.21 03:10:37.292,1.34511,1.34559,1.50,3.00
2011.01.21 03:10:38.346,1.34511,1.34559,1.50,1.50
2011.01.21 03:10:39.940,1.34509,1.34555,1.50,1.95
2011.01.21 03:10:42.368,1.3451,1.34555,1.50,1.95
2011.01.21 03:10:43.739,1.34512,1.3456,1.50,3.08
2011.01.21 03:10:43.856,1.34512,1.3456,1.88,2.25
2011.01.21 03:10:45.775,1.34512,1.3456,1.88,2.78
2011.01.21 03:10:46.603,1.34515,1.34563,1.88,1.50
2011.01.21 03:10:46.726,1.34515,1.34563,1.88,1.50
2011.01.21 03:10:49.106,1.34515,1.34565,1.88,3.00
2011.01.21 03:10:49.854,1.34515,1.34562,1.88,1.50
2011.01.21 03:10:50.366,1.34515,1.34562,1.88,1.50
2011.01.21 03:10:50.476,1.34515,1.34565,1.88,2.25
2011.01.21 03:10:50.805,1.34515,1.34565,1.50,2.70
2011.01.21 03:10:54.465,1.34515,1.34565,1.50,2.70
2011.01.21 03:10:54.906,1.34512,1.34557,1.50,1.50
2011.01.21 03:10:55.431,1.34509,1.34557,1.50,2.33
2011.01.21 03:10:55.552,1.34509,1.34557,1.50,1.50
2011.01.21 03:10:56.056,1.34509,1.34557,1.50,2.33
2011.01.21 03:10:56.166,1.34504,1.34556,1.88,1.95
2011.01.21 03:10:56.278,1.345,1.34554,1.29,2.33
2011.01.21 03:10:56.605,1.34499,1.34543,2.04,1.50
2011.01.21 03:11:00.088,1.345,1.34554,2.04,1.20
2011.01.21 03:11:00.537,1.34498,1.34551,3.17,1.50
2011.01.21 03:11:01.035,1.34498,1.34546,3.17,1.35
2011.01.21 03:11:01.151,1.34501,1.34554,1.50,2.70
2011.01.21 03:11:01.375,1.34503,1.34554,1.50,1.20
2011.01.21 03:11:04.015,1.34503,1.34554,1.50,1.13
2011.01.21 03:11:04.356,1.34509,1.34556,1.50,3.00
2011.01.21 03:11:07.781,1.34509,1.34557,1.50,2.25
2011.01.21 03:11:09.018,1.34509,1.34557,1.50,1.50
2011.01.21 03:11:09.920,1.3451,1.3456,1.50,1.50
2011.01.21 03:11:10.148,1.3451,1.34561,1.50,1.50
2011.01.21 03:11:11.990,1.34518,1.34564,1.50,1.13
2011.01.21 03:11:12.560,1.34518,1.34565,1.50,2.25
2011.01.21 03:11:14.107,1.34518,1.34564,1.50,2.63
2011.01.21 03:11:14.222,1.34509,1.34563,1.88,3.38
2011.01.21 03:11:16.256,1.34518,1.34563,1.50,1.50
2011.01.21 03:11:16.368,1.34518,1.34567,1.50,2.25
2011.01.21 03:11:16.476,1.34518,1.34567,1.50,1.50
2011.01.21 03:11:16.986,1.34518,1.34567,1.50,1.80
2011.01.21 03:11:20.645,1.34526,1.34567,1.50,1.80
2011.01.21 03:11:23.375,1.34526,1.34567,1.50,1.80
2011.01.21 03:11:24.494,1.34521,1.34564,1.50,1.50
2011.01.21 03:11:24.720,1.34523,1.34567,1.50,1.28
2011.01.21 03:11:25.059,1.34521,1.34566,1.50,2.03
2011.01.21 03:11:25.429,1.34521,1.34566,1.50,2.78
2011.01.21 03:11:25.551,1.34515,1.34566,1.50,2.70
2011.01.21 03:11:26.478,1.34517,1.34566,1.50,2.78
2011.01.21 03:11:27.042,1.34519,1.34566,1.50,1.05
2011.01.21 03:11:27.765,1.34519,1.34567,1.50,1.50
2011.01.21 03:11:29.569,1.34522,1.34567,1.50,1.50
2011.01.21 03:11:30.028,1.34522,1.34571,1.50,1.50
2011.01.21 03:11:30.974,1.34522,1.34574,1.50,1.88
2011.01.21 03:11:32.340,1.34523,1.34574,1.50,1.88
2011.01.21 03:11:35.908,1.3452,1.34566,1.50,1.50
2011.01.21 03:11:36.872,1.34519,1.34566,1.50,1.50
2011.01.21 03:11:37.725,1.34519,1.34571,3.00,1.88
2011.01.21 03:11:39.266,1.34519,1.34567,1.50,1.50
2011.01.21 03:11:45.434,1.3452,1.34572,1.50,1.50
2011.01.21 03:11:45.997,1.34519,1.34571,1.50,2.25
2011.01.21 03:11:46.726,1.34519,1.34568,1.50,1.50
2011.01.21 03:11:53.995,1.34519,1.34567,1.50,2.25
2011.01.21 03:11:58.528,1.34515,1.34561,1.50,1.50
2011.01.21 03:12:00.387,1.3451,1.34561,3.00,1.50
2011.01.21 03:12:00.721,1.34509,1.34557,3.38,2.25
2011.01.21 03:12:01.287,1.34509,1.34557,1.50,2.25
2011.01.21 03:12:01.638,1.34509,1.34556,1.50,1.50
2011.01.21 03:12:04.645,1.34502,1.34555,1.50,3.75
2011.01.21 03:12:04.867,1.34502,1.34554,1.50,1.58
2011.01.21 03:12:05.387,1.34499,1.34547,1.88,1.50
2011.01.21 03:12:09.847,1.34499,1.34547,1.50,2.25
2011.01.21 03:12:10.666,1.34495,1.34545,1.88,1.95
2011.01.21 03:12:10.887,1.34498,1.34548,1.50,2.25
2011.01.21 03:12:11.466,1.345,1.34548,1.50,2.25
2011.01.21 03:12:11.988,1.34498,1.34548,3.00,2.70
2011.01.21 03:12:12.538,1.34498,1.34547,1.50,1.58
2011.01.21 03:12:12.756,1.34496,1.34546,1.50,2.33
2011.01.21 03:12:13.534,1.34493,1.34546,1.88,2.33
2011.01.21 03:12:16.966,1.3449,1.34541,1.88,1.20
2011.01.21 03:12:17.187,1.34486,1.34541,1.88,2.33
2011.01.21 03:12:17.772,1.34488,1.34537,1.88,1.20
2011.01.21 03:12:17.887,1.34491,1.34538,1.50,2.25
2011.01.21 03:12:18.436,1.34491,1.34538,1.50,2.25
2011.01.21 03:12:19.051,1.34497,1.3454,1.50,1.50
2011.01.21 03:12:19.170,1.34495,1.3454,1.50,1.50
2011.01.21 03:12:19.287,1.34495,1.34544,1.50,1.50
2011.01.21 03:12:19.398,1.34495,1.34544,1.50,1.13
2011.01.21 03:12:20.199,1.34492,1.34543,1.88,1.13
2011.01.21 03:12:20.781,1.34494,1.34545,1.50,3.00
2011.01.21 03:12:21.009,1.34494,1.34537,1.50,1.50
2011.01.21 03:12:21.125,1.3449,1.34537,1.88,1.50
2011.01.21 03:12:21.237,1.3449,1.34537,1.50,1.95
2011.01.21 03:12:21.866,1.34489,1.34534,1.50,1.50
2011.01.21 03:12:21.985,1.34483,1.34531,1.50,1.95
2011.01.21 03:12:22.101,1.34485,1.34536,1.50,2.33
2011.01.21 03:12:22.438,1.34481,1.34523,1.88,1.95
2011.01.21 03:12:22.547,1.34478,1.34532,2.42,2.70
2011.01.21 03:12:22.657,1.34478,1.34532,2.04,2.70
2011.01.21 03:12:23.158,1.34479,1.34532,1.88,1.20
2011.01.21 03:12:24.107,1.34479,1.34532,1.88,1.58
2011.01.21 03:12:24.326,1.34477,1.34523,2.04,1.50
2011.01.21 03:12:24.965,1.34481,1.34523,1.50,1.50
2011.01.21 03:12:28.185,1.34479,1.34523,1.50,1.50
2011.01.21 03:12:37.000,1.34476,1.34523,3.17,1.50
2011.01.21 03:12:44.202,1.34472,1.34523,2.63,3.45
2011.01.21 03:12:44.318,1.34472,1.34523,1.88,3.45
2011.01.21 03:12:46.057,1.34471,1.34521,1.88,1.50
2011.01.21 03:12:47.318,1.34474,1.34522,1.50,1.95
2011.01.21 03:12:48.046,1.34471,1.34521,3.17,1.50
2011.01.21 03:12:53.312,1.34471,1.34521,3.17,2.33
2011.01.21 03:12:53.652,1.34466,1.34514,3.17,1.95
2011.01.21 03:12:54.219,1.34466,1.34514,2.42,1.95
2011.01.21 03:12:55.446,1.34464,1.34514,4.67,1.95
2011.01.21 03:12:55.557,1.34467,1.34513,1.67,1.95
2011.01.21 03:12:55.892,1.34467,1.34513,1.67,1.50
2011.01.21 03:12:58.301,1.34469,1.3452,1.29,1.50
2011.01.21 03:12:58.417,1.34471,1.3452,1.29,1.50
2011.01.21 03:13:00.807,1.34477,1.3452,1.50,1.50
2011.01.21 03:13:01.682,1.34477,1.3452,1.88,1.50
2011.01.21 03:13:09.937,1.34482,1.34523,1.50,1.50
2011.01.21 03:13:11.398,1.34482,1.34523,1.88,1.50
2011.01.21 03:13:11.945,1.34486,1.34523,1.88,1.50
2011.01.21 03:13:12.495,1.34486,1.34523,1.50,1.50
2011.01.21 03:13:13.139,1.34482,1.34523,2.42,1.50
2011.01.21 03:13:13.587,1.34482,1.34522,1.88,1.50
2011.01.21 03:13:13.808,1.34477,1.34517,2.04,1.50
2011.01.21 03:13:14.027,1.34476,1.34518,1.88,1.50
2011.01.21 03:13:14.619,1.34481,1.34521,1.50,1.50
2011.01.21 03:13:14.946,1.34476,1.34522,1.88,1.50
2011.01.21 03:13:15.056,1.3448,1.34522,1.50,1.50
2011.01.21 03:13:15.754,1.34477,1.3452,1.88,1.50
2011.01.21 03:13:16.287,1.34476,1.34523,1.88,1.50
2011.01.21 03:13:16.398,1.34482,1.34523,1.50,1.50
2011.01.21 03:13:16.971,1.34482,1.34523,1.88,1.50
2011.01.21 03:13:17.448,1.34482,1.34525,1.88,1.50
2011.01.21 03:13:19.613,1.34481,1.34522,1.88,1.50
2011.01.21 03:13:19.732,1.34481,1.34525,1.50,1.50
2011.01.21 03:13:19.846,1.34481,1.34525,1.88,1.50
2011.01.21 03:13:21.998,1.34481,1.34521,1.88,1.50
2011.01.21 03:13:22.105,1.34476,1.34521,2.42,1.50
2011.01.21 03:13:24.336,1.34476,1.34521,1.88,1.50
2011.01.21 03:13:24.847,1.34476,1.34521,2.42,1.50
2011.01.21 03:13:26.389,1.34481,1.34521,1.50,1.50
2011.01.21 03:13:26.728,1.34481,1.34524,1.88,1.50
2011.01.21 03:13:27.255,1.34481,1.34521,1.88,1.50
2011.01.21 03:13:27.737,1.34481,1.3452,1.50,1.50
2011.01.21 03:13:27.845,1.34476,1.3452,2.42,1.50
2011.01.21 03:13:29.566,1.34476,1.3452,1.88,1.50
2011.01.21 03:13:30.463,1.34476,1.3452,1.88,1.50
2011.01.21 03:13:31.196,1.34476,1.3452,1.88,1.50
2011.01.21 03:13:31.415,1.34482,1.34521,1.88,1.50
2011.01.21 03:13:35.897,1.34482,1.3452,1.88,1.50
2011.01.21 03:13:36.116,1.34477,1.3452,1.88,1.50
2011.01.21 03:13:36.818,1.34477,1.3452,1.88,1.95
2011.01.21 03:13:37.202,1.34472,1.34516,1.28,1.50
2011.01.21 03:13:37.322,1.34471,1.34516,1.88,1.50
2011.01.21 03:13:40.686,1.34472,1.34516,1.88,1.50
2011.01.21 03:13:40.809,1.34472,1.34519,1.88,1.50
2011.01.21 03:13:40.927,1.34472,1.34516,1.88,1.50
2011.01.21 03:13:41.735,1.34476,1.34519,1.50,1.50
2011.01.21 03:13:42.205,1.34471,1.34517,1.88,1.50
2011.01.21 03:13:42.460,1.34471,1.34521,1.88,3.45
2011.01.21 03:13:46.008,1.34471,1.34516,1.88,1.50
2011.01.21 03:13:46.338,1.34476,1.34519,1.50,1.50
2011.01.21 03:13:46.668,1.34476,1.34518,1.88,1.50
2011.01.21 03:13:46.885,1.34476,1.3452,1.88,1.50
2011.01.21 03:13:47.901,1.34476,1.3452,1.88,1.50
2011.01.21 03:13:50.338,1.34476,1.34521,1.88,1.50
2011.01.21 03:13:50.917,1.34476,1.3452,1.88,1.50
2011.01.21 03:13:51.248,1.34472,1.34516,2.79,1.50
2011.01.21 03:13:51.357,1.34472,1.34516,2.42,1.50
2011.01.21 03:13:52.846,1.34472,1.34517,1.88,1.50
2011.01.21 03:13:53.391,1.34472,1.34518,1.88,1.50
2011.01.21 03:13:53.738,1.34466,1.34514,1.88,1.50
2011.01.21 03:13:54.902,1.34466,1.34513,1.88,1.50
2011.01.21 03:13:56.797,1.3446,1.345,3.54,1.50
2011.01.21 03:13:56.907,1.34454,1.345,1.28,1.95
2011.01.21 03:13:57.325,1.34453,1.345,2.93,1.95
2011.01.21 03:14:00.529,1.34457,1.34505,1.50,3.00
2011.01.21 03:14:01.148,1.34465,1.3451,1.50,1.50
2011.01.21 03:14:01.259,1.34469,1.34517,1.50,3.00
2011.01.21 03:14:02.130,1.34465,1.34517,2.79,1.50
2011.01.21 03:14:02.247,1.34466,1.34517,1.29,1.50
2011.01.21 03:14:03.318,1.34466,1.34517,1.29,1.50
2011.01.21 03:14:03.647,1.3447,1.34515,1.88,1.50
2011.01.21 03:14:04.153,1.3447,1.34519,1.88,1.50
2011.01.21 03:14:04.267,1.3447,1.34519,2.25,1.50
2011.01.21 03:14:06.865,1.3447,1.34516,2.25,1.50
2011.01.21 03:14:07.744,1.34473,1.34516,1.50,1.50
2011.01.21 03:14:07.860,1.34473,1.34517,1.50,2.70
2011.01.21 03:14:07.982,1.34467,1.34517,1.67,1.50
2011.01.21 03:14:08.885,1.34464,1.34512,1.29,1.50
2011.01.21 03:14:08.999,1.34461,1.34512,3.54,1.50
2011.01.21 03:14:09.338,1.34461,1.3451,2.25,1.50
2011.01.21 03:14:13.437,1.34457,1.34508,1.67,1.95
2011.01.21 03:14:13.788,1.34455,1.34503,1.67,1.50
2011.01.21 03:14:13.895,1.34455,1.34503,1.67,1.50
2011.01.21 03:14:15.197,1.34451,1.34503,3.92,1.50
2011.01.21 03:14:15.306,1.34452,1.34503,1.29,1.50
2011.01.21 03:14:15.525,1.34452,1.34503,1.29,1.50
2011.01.21 03:14:16.031,1.34451,1.34503,2.79,1.50
2011.01.21 03:14:17.783,1.3445,1.34501,4.65,1.50
2011.01.21 03:14:18.009,1.34454,1.34509,2.79,2.63
2011.01.21 03:14:18.121,1.34454,1.34505,1.29,1.50
2011.01.21 03:14:19.516,1.34456,1.34502,2.04,1.50
2011.01.21 03:14:19.627,1.34453,1.34502,1.29,1.50
2011.01.21 03:14:20.846,1.34452,1.34502,1.29,1.50
2011.01.21 03:14:21.917,1.34451,1.34502,3.54,1.50
2011.01.21 03:14:22.026,1.34452,1.34505,2.42,1.50
2011.01.21 03:14:22.136,1.34455,1.34505,2.04,1.50
2011.01.21 03:14:22.569,1.34456,1.34505,1.29,1.50
2011.01.21 03:14:24.027,1.34455,1.34502,1.67,1.50
2011.01.21 03:14:24.615,1.34455,1.34502,1.67,1.50
2011.01.21 03:14:26.876,1.34455,1.345,1.67,1.50
2011.01.21 03:14:27.427,1.3445,1.34499,1.29,1.50
2011.01.21 03:14:31.503,1.34448,1.34499,1.29,1.50
2011.01.21 03:14:35.256,1.34448,1.34499,1.29,2.33
2011.01.21 03:14:35.477,1.34448,1.34494,1.29,1.50
2011.01.21 03:14:36.100,1.34445,1.34494,1.67,1.95
2011.01.21 03:14:36.658,1.34447,1.34497,1.29,1.50
2011.01.21 03:14:36.985,1.34449,1.34499,2.04,1.50
2011.01.21 03:14:42.857,1.34451,1.34499,1.29,1.50
2011.01.21 03:14:43.468,1.34451,1.34499,1.29,1.50
2011.01.21 03:14:44.040,1.34451,1.34499,1.29,1.50
2011.01.21 03:14:45.442,1.34451,1.34499,1.29,1.50
2011.01.21 03:14:46.649,1.34451,1.34502,1.29,1.50
2011.01.21 03:14:51.767,1.34449,1.34496,1.67,1.50
2011.01.21 03:14:51.876,1.34449,1.34499,1.67,3.00
2011.01.21 03:14:56.659,1.3445,1.345,2.04,1.50
2011.01.21 03:14:57.924,1.34451,1.345,1.29,1.50
2011.01.21 03:14:58.476,1.3445,1.345,2.04,1.50
2011.01.21 03:15:00.692,1.3445,1.345,1.67,1.50
2011.01.21 03:15:03.368,1.3445,1.34503,1.67,1.50
2011.01.21 03:15:09.477,1.34451,1.34503,1.29,1.50
2011.01.21 03:15:09.991,1.3445,1.34496,3.81,1.50
2011.01.21 03:15:10.337,1.3446,1.34507,1.29,1.50
2011.01.21 03:15:10.558,1.3446,1.34509,1.29,1.50
2011.01.21 03:15:14.383,1.34459,1.34509,1.67,1.50
2011.01.21 03:15:14.925,1.34459,1.34509,1.67,1.50
2011.01.21 03:15:17.556,1.34456,1.34509,3.54,1.50
2011.01.21 03:15:21.097,1.34457,1.34509,1.29,1.50
2011.01.21 03:15:22.349,1.3446,1.34509,1.50,1.50
2011.01.21 03:15:22.691,1.34462,1.34514,6.45,1.50
2011.01.21 03:15:23.318,1.34467,1.34516,1.67,1.50
2011.01.21 03:15:24.528,1.34483,1.34525,1.50,2.25
2011.01.21 03:15:24.862,1.3447,1.34517,3.17,1.50
2011.01.21 03:15:25.371,1.34474,1.34516,1.29,1.50
2011.01.21 03:15:25.928,1.34474,1.34525,1.67,1.50
2011.01.21 03:15:26.438,1.34474,1.34527,1.67,1.50
2011.01.21 03:15:27.866,1.34471,1.34523,2.79,1.50
2011.01.21 03:15:28.684,1.34481,1.34531,1.50,2.25
2011.01.21 03:15:28.799,1.34483,1.34526,1.50,1.50
2011.01.21 03:15:29.291,1.34483,1.3453,1.50,1.50
2011.01.21 03:15:29.416,1.34482,1.34526,1.50,1.50
2011.01.21 03:15:29.527,1.34483,1.34529,1.50,1.50
2011.01.21 03:15:29.857,1.34483,1.34526,1.50,1.50
2011.01.21 03:15:29.968,1.34483,1.3453,1.50,1.50
2011.01.21 03:15:31.238,1.34483,1.34529,1.50,1.50
2011.01.21 03:15:32.486,1.34483,1.34529,1.88,1.50
2011.01.21 03:15:32.596,1.34484,1.34532,1.88,1.50
2011.01.21 03:15:33.104,1.34484,1.34532,1.50,1.50
2011.01.21 03:15:34.213,1.34484,1.34531,1.50,1.50
2011.01.21 03:15:34.548,1.34484,1.34528,1.50,1.50
2011.01.21 03:15:34.658,1.34481,1.34528,1.50,1.50
2011.01.21 03:15:35.930,1.34481,1.34529,3.00,3.00
2011.01.21 03:15:36.706,1.34481,1.34529,3.38,3.00
2011.01.21 03:15:36.818,1.34486,1.34529,1.50,1.50
2011.01.21 03:15:36.928,1.34487,1.34534,1.50,1.95
2011.01.21 03:15:37.567,1.34485,1.3453,1.50,1.50
2011.01.21 03:15:38.096,1.34484,1.34526,1.50,1.50
2011.01.21 03:15:39.088,1.34484,1.34527,1.50,1.50
2011.01.21 03:15:42.518,1.34482,1.34525,2.79,1.50
2011.01.21 03:15:43.041,1.34482,1.3453,2.79,1.50
2011.01.21 03:15:43.161,1.34488,1.34535,1.50,1.50
2011.01.21 03:15:43.720,1.3449,1.34535,1.13,1.50
2011.01.21 03:15:43.841,1.3449,1.34538,3.17,1.50
2011.01.21 03:15:44.309,1.34494,1.34538,1.50,1.50
2011.01.21 03:15:44.859,1.34495,1.34546,1.50,3.45
2011.01.21 03:15:45.271,1.34497,1.34546,1.50,3.00
2011.01.21 03:15:45.746,1.34494,1.34543,2.04,1.50
2011.01.21 03:15:46.878,1.34493,1.3454,1.67,1.50
2011.01.21 03:15:47.316,1.34493,1.34537,1.67,1.50
2011.01.21 03:15:47.537,1.34491,1.34537,3.17,1.50
2011.01.21 03:15:49.529,1.34492,1.34544,2.42,1.50
2011.01.21 03:15:50.418,1.34495,1.34545,2.79,1.50
2011.01.21 03:15:50.966,1.34502,1.34547,1.50,1.50
2011.01.21 03:15:51.297,1.34504,1.34547,1.50,1.50
2011.01.21 03:15:51.708,1.345,1.34547,1.88,1.50
2011.01.21 03:15:52.702,1.345,1.34537,1.50,1.50
2011.01.21 03:15:53.036,1.34496,1.34537,1.50,1.50
2011.01.21 03:15:54.286,1.34494,1.34537,1.50,1.50
2011.01.21 03:15:55.004,1.34493,1.34537,1.88,1.50
2011.01.21 03:15:55.877,1.34494,1.34537,1.50,1.50
2011.01.21 03:15:56.888,1.34494,1.34545,2.04,1.50
2011.01.21 03:15:57.002,1.34497,1.34545,1.50,1.50
2011.01.21 03:16:00.012,1.34499,1.34545,1.50,1.50
2011.01.21 03:16:01.107,1.34497,1.34545,1.50,1.50
2011.01.21 03:16:02.892,1.34496,1.34538,1.50,1.50
2011.01.21 03:16:06.277,1.34493,1.34538,2.04,1.50
2011.01.21 03:16:10.513,1.34486,1.34533,1.50,1.50
2011.01.21 03:16:10.631,1.34486,1.34526,1.50,1.50
2011.01.21 03:16:11.442,1.34484,1.34526,1.50,1.50
2011.01.21 03:16:11.680,1.34482,1.34526,1.50,1.50
2011.01.21 03:16:12.432,1.34482,1.34529,1.50,1.50
2011.01.21 03:16:12.546,1.34484,1.34533,1.50,1.95
2011.01.21 03:16:12.658,1.34484,1.34535,3.00,1.50
2011.01.21 03:16:13.910,1.34482,1.34535,1.50,1.50
2011.01.21 03:16:15.294,1.34474,1.34526,1.50,2.25
2011.01.21 03:16:15.639,1.34476,1.34531,2.42,2.25
2011.01.21 03:16:16.119,1.34476,1.34531,2.42,1.50
2011.01.21 03:16:16.232,1.34478,1.34533,2.57,1.50
2011.01.21 03:16:16.468,1.34482,1.34535,1.50,2.25
2011.01.21 03:16:18.909,1.3448,1.34535,2.42,2.25
2011.01.21 03:16:21.052,1.34481,1.34535,1.13,1.50
2011.01.21 03:16:21.553,1.34482,1.34535,1.67,1.50
2011.01.21 03:16:21.886,1.34487,1.34536,1.50,1.50
2011.01.21 03:16:22.411,1.34487,1.34536,1.88,1.50
2011.01.21 03:16:23.065,1.3449,1.34536,1.50,1.50
2011.01.21 03:16:23.958,1.34488,1.34536,3.17,1.50
2011.01.21 03:16:24.639,1.34488,1.34536,1.50,1.50
2011.01.21 03:16:25.868,1.34486,1.34536,2.04,1.50
2011.01.21 03:16:26.526,1.34481,1.34525,2.04,1.50
2011.01.21 03:16:26.748,1.34481,1.34525,1.50,1.50
2011.01.21 03:16:27.078,1.3448,1.34533,1.50,1.50
2011.01.21 03:16:27.591,1.3448,1.34535,1.50,2.25
2011.01.21 03:16:29.777,1.34479,1.34532,1.50,1.50
2011.01.21 03:16:33.046,1.3448,1.34533,1.50,1.50
2011.01.21 03:16:35.388,1.3448,1.34535,1.50,2.25
2011.01.21 03:16:38.734,1.3448,1.34535,1.50,3.00
2011.01.21 03:16:39.067,1.3448,1.34529,1.50,1.50
2011.01.21 03:16:39.711,1.34483,1.34529,1.50,1.50
2011.01.21 03:16:39.831,1.34483,1.34532,1.50,1.50
2011.01.21 03:16:40.396,1.34482,1.34532,1.50,1.50
2011.01.21 03:16:43.297,1.3448,1.34532,1.50,1.50
2011.01.21 03:16:44.868,1.3448,1.34529,1.50,1.50
2011.01.21 03:16:45.943,1.3448,1.34529,1.50,3.00
2011.01.21 03:16:46.269,1.34482,1.34522,1.50,1.20
2011.01.21 03:16:46.803,1.34483,1.34521,1.50,1.50
2011.01.21 03:16:46.919,1.34476,1.3453,1.50,6.60
2011.01.21 03:16:47.029,1.34476,1.3453,1.50,2.63
2011.01.21 03:16:47.137,1.3448,1.3453,1.50,1.88
2011.01.21 03:16:53.377,1.34477,1.3453,1.50,4.95
2011.01.21 03:16:54.305,1.34477,1.3453,1.50,4.95
2011.01.21 03:16:59.637,1.34477,1.34528,1.50,1.13
2011.01.21 03:16:59.967,1.34473,1.34521,4.05,1.50
2011.01.21 03:17:00.584,1.34469,1.34519,2.04,1.50
2011.01.21 03:17:00.699,1.34469,1.34519,1.50,1.50
2011.01.21 03:17:01.598,1.34477,1.34524,1.50,1.20
2011.01.21 03:17:01.714,1.34477,1.34527,1.50,4.50
2011.01.21 03:17:02.906,1.34477,1.34527,1.50,3.00
2011.01.21 03:17:04.492,1.34477,1.34526,1.50,1.50
2011.01.21 03:17:04.613,1.34473,1.34521,1.50,1.50
2011.01.21 03:17:05.766,1.34474,1.34521,1.50,1.50
2011.01.21 03:17:07.149,1.34474,1.34519,1.50,1.50
2011.01.21 03:17:10.928,1.34474,1.34527,1.50,2.03
2011.01.21 03:17:11.037,1.34475,1.3453,1.50,4.50
2011.01.21 03:17:11.846,1.34476,1.34526,1.50,1.50
2011.01.21 03:17:14.223,1.34473,1.34516,2.04,1.50
2011.01.21 03:17:35.108,1.34477,1.34516,1.50,1.50
2011.01.21 03:17:35.217,1.34477,1.34527,1.50,1.50
2011.01.21 03:17:35.556,1.34479,1.34529,1.50,2.70
2011.01.21 03:17:40.216,1.34479,1.34529,2.79,1.95
2011.01.21 03:17:41.497,1.34479,1.34529,2.79,1.95
2011.01.21 03:17:42.105,1.34479,1.34529,1.50,1.95
2011.01.21 03:17:42.546,1.34472,1.34524,2.04,1.50
2011.01.21 03:17:42.659,1.34472,1.34517,2.04,1.50
2011.01.21 03:17:52.810,1.34474,1.34517,1.29,1.50
2011.01.21 03:18:03.892,1.34474,1.34516,1.29,1.50
2011.01.21 03:18:07.237,1.34474,1.34516,1.29,1.95
2011.01.21 03:18:07.978,1.34474,1.34508,1.29,1.50
2011.01.21 03:18:10.146,1.34474,1.34519,1.29,2.33
2011.01.21 03:18:10.256,1.34474,1.34519,1.29,1.50
2011.01.21 03:18:11.165,1.3448,1.34519,1.29,1.50
2011.01.21 03:18:11.678,1.34479,1.34519,1.29,1.50
2011.01.21 03:18:18.848,1.34477,1.34519,1.29,1.50
2011.01.21 03:18:19.739,1.34477,1.34521,1.67,1.95
2011.01.21 03:18:20.506,1.34481,1.34521,1.29,1.95
2011.01.21 03:18:21.124,1.34481,1.34519,1.29,1.95
2011.01.21 03:18:21.240,1.34475,1.34519,1.29,1.95
2011.01.21 03:18:22.282,1.34475,1.34511,1.29,1.50
2011.01.21 03:18:22.405,1.34469,1.34511,3.17,1.50
2011.01.21 03:18:22.517,1.34469,1.34517,1.29,1.50
2011.01.21 03:18:23.066,1.34469,1.3452,1.29,1.95
2011.01.21 03:18:23.760,1.34469,1.3452,1.29,1.95
2011.01.21 03:18:24.693,1.34469,1.3452,1.67,1.95
2011.01.21 03:18:25.261,1.34474,1.3452,1.29,1.95
2011.01.21 03:18:28.412,1.34474,1.3452,1.29,1.95
2011.01.21 03:18:29.417,1.34474,1.3452,1.29,1.95
2011.01.21 03:18:31.997,1.34475,1.34522,2.04,1.95
2011.01.21 03:18:33.011,1.34475,1.34522,2.04,1.95
2011.01.21 03:18:33.132,1.34476,1.34522,1.29,1.95
2011.01.21 03:18:33.688,1.34476,1.34519,1.29,1.50
2011.01.21 03:18:34.609,1.34476,1.34527,1.29,2.33
2011.01.21 03:18:34.717,1.34476,1.34527,1.29,1.50
2011.01.21 03:18:35.266,1.34477,1.34529,2.04,1.95
2011.01.21 03:18:37.538,1.34477,1.34529,2.04,2.33
2011.01.21 03:18:39.139,1.34493,1.34531,1.50,1.88
2011.01.21 03:18:39.257,1.34488,1.34536,2.79,2.40
2011.01.21 03:18:39.375,1.34484,1.34536,1.44,1.88
2011.01.21 03:18:39.924,1.34489,1.34538,1.67,1.50
2011.01.21 03:18:40.038,1.34489,1.34541,2.79,1.50
2011.01.21 03:18:40.366,1.34489,1.34541,2.42,1.50
2011.01.21 03:18:41.307,1.3449,1.34541,1.67,1.50
2011.01.21 03:18:47.329,1.34491,1.34543,2.04,1.50
2011.01.21 03:18:48.440,1.34491,1.34543,1.50,2.33
2011.01.21 03:18:48.559,1.34487,1.34539,2.42,1.50
2011.01.21 03:18:49.108,1.34488,1.34539,1.50,2.25
2011.01.21 03:18:49.837,1.34491,1.34539,1.50,1.50
2011.01.21 03:19:00.229,1.34491,1.3453,1.50,1.50
2011.01.21 03:19:00.352,1.34487,1.3453,1.50,1.50
2011.01.21 03:19:00.471,1.34484,1.3453,2.04,1.50
2011.01.21 03:19:00.697,1.3448,1.3453,1.50,1.50
2011.01.21 03:19:01.221,1.34479,1.3453,2.04,1.50
2011.01.21 03:19:04.415,1.3448,1.3453,1.50,1.50
2011.01.21 03:19:04.925,1.34478,1.3453,2.04,1.50
2011.01.21 03:19:08.296,1.3448,1.3453,1.50,1.50
2011.01.21 03:19:08.520,1.3448,1.3453,2.04,1.50
2011.01.21 03:19:08.748,1.34485,1.34538,2.04,1.50
2011.01.21 03:19:08.857,1.34484,1.34534,1.29,1.50
2011.01.21 03:19:09.381,1.34488,1.34541,1.50,1.50
2011.01.21 03:19:09.499,1.34486,1.34539,2.42,1.50
2011.01.21 03:19:09.830,1.34484,1.34536,1.67,1.50
2011.01.21 03:19:10.343,1.34481,1.34536,3.17,1.50
2011.01.21 03:19:14.807,1.34481,1.34534,3.17,1.50
2011.01.21 03:19:15.136,1.34481,1.3453,2.79,1.50
2011.01.21 03:19:21.659,1.34485,1.3453,1.67,1.50
2011.01.21 03:19:21.773,1.34489,1.34539,1.50,1.50
2011.01.21 03:19:26.585,1.34484,1.34529,2.04,1.50
2011.01.21 03:19:26.704,1.34484,1.34529,1.50,1.50
2011.01.21 03:19:27.414,1.34483,1.34529,1.50,1.50
2011.01.21 03:19:29.849,1.34478,1.34519,1.50,1.50
2011.01.21 03:19:32.976,1.34475,1.34519,2.79,1.50
2011.01.21 03:19:33.780,1.34478,1.34519,1.50,1.50
2011.01.21 03:19:33.903,1.3448,1.3453,1.50,1.50
2011.01.21 03:19:34.017,1.34487,1.3453,1.50,1.50
2011.01.21 03:19:36.427,1.34488,1.3453,1.50,1.50
2011.01.21 03:19:37.142,1.34492,1.3453,1.50,1.50
2011.01.21 03:19:37.261,1.34492,1.34539,1.50,1.58
2011.01.21 03:19:37.381,1.34495,1.3454,1.50,2.25
2011.01.21 03:19:37.889,1.34495,1.3454,1.50,1.50
2011.01.21 03:19:38.228,1.34493,1.3454,1.50,1.50
2011.01.21 03:19:38.559,1.34491,1.34539,1.50,1.50
2011.01.21 03:19:40.317,1.34494,1.34539,1.50,1.50
2011.01.21 03:19:41.089,1.34495,1.34539,1.50,1.50
2011.01.21 03:19:41.696,1.34496,1.34539,1.50,1.50
2011.01.21 03:19:48.227,1.34492,1.34539,1.50,1.50
2011.01.21 03:19:49.316,1.3449,1.34539,1.50,1.50
2011.01.21 03:19:52.218,1.34493,1.34539,1.50,1.50
2011.01.21 03:19:53.155,1.34493,1.34539,1.50,1.88
2011.01.21 03:19:53.397,1.3449,1.34539,1.50,1.88
2011.01.21 03:19:56.757,1.34493,1.34539,1.50,1.88
2011.01.21 03:19:57.261,1.34491,1.34539,1.50,1.50
2011.01.21 03:19:57.816,1.34493,1.34539,1.50,1.50
2011.01.21 03:19:58.349,1.34494,1.34539,1.50,1.50
2011.01.21 03:20:01.037,1.3449,1.34539,1.50,1.50
2011.01.21 03:20:01.510,1.3449,1.34539,1.50,1.88
2011.01.21 03:20:01.943,1.34492,1.34539,1.50,1.88
2011.01.21 03:20:03.448,1.34496,1.34545,1.50,1.50
2011.01.21 03:20:03.667,1.34496,1.34549,1.50,2.63
2011.01.21 03:20:04.321,1.34498,1.34548,1.50,1.13
2011.01.21 03:20:05.007,1.34489,1.34545,1.88,2.25
2011.01.21 03:20:05.117,1.34489,1.34525,1.88,1.50
2011.01.21 03:20:05.446,1.34487,1.34525,1.50,1.50
2011.01.21 03:20:06.027,1.34486,1.34525,1.50,1.50
2011.01.21 03:20:06.137,1.3449,1.34525,1.50,1.50
2011.01.21 03:20:06.466,1.34485,1.34525,1.50,1.50
2011.01.21 03:20:07.520,1.34484,1.34525,2.04,1.50
2011.01.21 03:20:07.966,1.34484,1.34538,2.04,2.25
2011.01.21 03:20:08.862,1.34484,1.34538,2.04,1.88
2011.01.21 03:20:10.212,1.34486,1.34538,1.50,1.95
2011.01.21 03:20:12.137,1.34482,1.34529,1.50,2.33
2011.01.21 03:20:12.358,1.34485,1.34538,1.50,2.03
2011.01.21 03:20:12.902,1.34485,1.34538,1.50,2.03
2011.01.21 03:20:13.996,1.34485,1.34538,1.50,1.95
2011.01.21 03:20:14.469,1.3449,1.34538,1.50,2.03
2011.01.21 03:20:14.577,1.34486,1.34538,1.50,2.03
2011.01.21 03:20:14.907,1.34486,1.34536,1.50,1.13
2011.01.21 03:20:15.724,1.34487,1.34538,1.50,1.88
2011.01.21 03:20:16.277,1.34487,1.34541,1.50,2.78
2011.01.21 03:20:16.387,1.34491,1.34541,1.50,2.78
2011.01.21 03:20:17.979,1.3449,1.34541,1.50,2.78
2011.01.21 03:20:22.106,1.34485,1.34538,2.04,1.95
2011.01.21 03:20:24.898,1.34486,1.34538,2.04,1.88
2011.01.21 03:20:25.484,1.34491,1.34544,1.50,4.65
2011.01.21 03:20:25.707,1.3449,1.34544,2.04,1.88
2011.01.21 03:20:25.819,1.3449,1.34536,1.29,1.50
2011.01.21 03:20:27.870,1.3449,1.34531,1.29,1.50
2011.01.21 03:20:28.434,1.34486,1.34531,2.79,1.50
2011.01.21 03:20:28.549,1.34486,1.34531,2.04,1.50
2011.01.21 03:20:28.877,1.34483,1.34531,1.50,1.50
2011.01.21 03:20:29.723,1.34485,1.34531,1.50,1.50
2011.01.21 03:20:30.416,1.34484,1.34531,1.50,1.50
2011.01.21 03:20:32.600,1.34488,1.3453,1.50,1.50
2011.01.21 03:20:32.716,1.34488,1.34536,1.50,1.50
2011.01.21 03:20:37.125,1.34491,1.34536,1.50,1.50
2011.01.21 03:20:37.513,1.34489,1.34536,1.50,1.50
2011.01.21 03:20:38.017,1.34489,1.34536,2.79,1.50
2011.01.21 03:20:41.636,1.34494,1.34536,1.50,1.50
2011.01.21 03:20:41.968,1.34488,1.34535,2.04,1.50
2011.01.21 03:20:47.608,1.34488,1.34535,3.17,1.50
2011.01.21 03:20:47.829,1.34494,1.3454,1.50,1.50
2011.01.21 03:20:52.555,1.34494,1.3454,2.79,1.50
2011.01.21 03:21:01.460,1.34494,1.3454,1.67,1.50
2011.01.21 03:21:01.850,1.34501,1.3454,1.50,1.50
2011.01.21 03:21:01.955,1.34497,1.34546,2.79,1.50
2011.01.21 03:21:02.506,1.34497,1.34546,2.79,1.88
2011.01.21 03:21:03.209,1.34497,1.34546,1.29,1.88
2011.01.21 03:21:03.579,1.34509,1.34554,1.50,1.50
2011.01.21 03:21:03.688,1.34509,1.34555,2.04,1.88
2011.01.21 03:21:04.017,1.34509,1.34557,3.54,1.88
2011.01.21 03:21:04.558,1.34509,1.34557,3.54,1.88
2011.01.21 03:21:08.208,1.34509,1.34557,1.50,3.75
2011.01.21 03:21:08.319,1.34504,1.34547,2.79,1.50
2011.01.21 03:21:08.980,1.34503,1.34547,1.50,1.50
2011.01.21 03:21:13.616,1.34505,1.34547,1.50,1.50
2011.01.21 03:21:14.984,1.34502,1.34547,2.04,1.50
2011.01.21 03:21:15.317,1.34503,1.34558,1.50,2.63
2011.01.21 03:21:15.427,1.34506,1.34558,1.50,1.13
2011.01.21 03:21:15.757,1.34506,1.34559,1.50,2.25
2011.01.21 03:21:16.247,1.34506,1.34559,1.50,2.25
2011.01.21 03:21:17.610,1.34504,1.34557,1.50,1.88
2011.01.21 03:21:17.731,1.34507,1.3456,1.50,3.15
2011.01.21 03:21:19.208,1.34509,1.3456,1.50,3.15
2011.01.21 03:21:20.247,1.34509,1.3456,1.50,2.25
2011.01.21 03:21:20.357,1.34511,1.3456,1.50,2.25
2011.01.21 03:21:20.466,1.34511,1.3456,1.50,1.88
2011.01.21 03:21:21.016,1.34512,1.3456,1.50,2.25
2011.01.21 03:21:22.370,1.34512,1.34551,1.50,1.50
2011.01.21 03:21:22.819,1.34507,1.34551,2.04,1.50
2011.01.21 03:21:23.373,1.34507,1.34551,2.04,1.88
2011.01.21 03:21:24.086,1.34511,1.3456,1.50,3.00
2011.01.21 03:21:24.315,1.34511,1.3456,1.50,3.00
2011.01.21 03:21:27.266,1.34511,1.3456,1.50,2.25
2011.01.21 03:21:34.428,1.34511,1.3456,1.50,2.25
2011.01.21 03:21:42.699,1.34512,1.34561,1.50,2.25
2011.01.21 03:21:42.808,1.34512,1.34561,1.50,1.88
2011.01.21 03:21:42.917,1.34512,1.34561,1.50,2.25
2011.01.21 03:21:43.315,1.34507,1.3456,2.04,3.75
2011.01.21 03:21:43.430,1.34505,1.34558,1.50,2.25
2011.01.21 03:21:45.479,1.34503,1.34557,1.29,1.88
2011.01.21 03:21:45.596,1.3451,1.34559,1.50,1.88
2011.01.21 03:21:54.393,1.34506,1.34551,2.79,1.50
2011.01.21 03:21:58.497,1.34506,1.34551,1.50,1.50
2011.01.21 03:21:59.978,1.34505,1.34551,1.50,1.50
2011.01.21 03:22:01.554,1.34502,1.34549,2.79,1.88
2011.01.21 03:22:02.099,1.34502,1.34549,1.50,1.88
2011.01.21 03:22:02.215,1.34502,1.3455,4.29,1.50
2011.01.21 03:22:02.437,1.34505,1.3455,1.50,1.50
2011.01.21 03:22:04.158,1.34507,1.3455,1.50,1.50
2011.01.21 03:22:06.009,1.34504,1.34549,1.50,1.50
2011.01.21 03:22:06.120,1.34501,1.34549,1.50,1.50
2011.01.21 03:22:06.665,1.34496,1.34542,1.50,1.50
2011.01.21 03:22:06.997,1.34501,1.34545,1.50,1.88
2011.01.21 03:22:07.599,1.34502,1.34545,1.50,1.50
2011.01.21 03:22:08.316,1.345,1.34545,1.50,1.50
2011.01.21 03:22:08.588,1.345,1.34542,1.50,1.50
2011.01.21 03:22:09.020,1.34497,1.34539,2.25,1.50
2011.01.21 03:22:09.357,1.34499,1.34545,2.79,1.50
2011.01.21 03:22:09.467,1.34503,1.34545,1.50,1.50
2011.01.21 03:22:11.217,1.34503,1.34545,1.50,2.33
2011.01.21 03:22:11.656,1.34494,1.3454,2.04,1.88
2011.01.21 03:22:21.117,1.34491,1.3454,2.79,2.33
2011.01.21 03:22:21.227,1.34487,1.34532,1.29,1.50
2011.01.21 03:22:24.426,1.34489,1.34532,1.50,1.50
2011.01.21 03:22:25.538,1.34487,1.34539,2.04,1.88
2011.01.21 03:22:27.451,1.34487,1.34538,2.04,1.28
2011.01.21 03:22:28.072,1.34483,1.34532,1.50,2.25
2011.01.21 03:22:28.193,1.34484,1.34537,2.04,3.00
2011.01.21 03:22:28.310,1.34484,1.34537,2.04,1.88
2011.01.21 03:22:28.625,1.34486,1.3454,2.04,1.88
2011.01.21 03:22:31.676,1.34486,1.3454,2.04,1.88
2011.01.21 03:22:32.184,1.34493,1.34541,1.50,2.25
2011.01.21 03:22:32.516,1.34493,1.34541,1.50,1.50
2011.01.21 03:22:33.922,1.34493,1.34542,1.50,1.50
2011.01.21 03:22:35.920,1.34489,1.34539,2.79,1.50
2011.01.21 03:22:36.256,1.34489,1.34539,2.79,1.88
2011.01.21 03:22:37.503,1.34489,1.34539,2.79,1.88
2011.01.21 03:22:37.947,1.34492,1.34542,2.04,1.88
2011.01.21 03:22:41.106,1.34489,1.34539,1.29,2.25
2011.01.21 03:22:41.222,1.34489,1.34539,2.79,1.88
2011.01.21 03:22:42.837,1.34489,1.34539,2.79,1.88
2011.01.21 03:22:43.730,1.34489,1.34539,2.04,1.88
2011.01.21 03:22:53.683,1.34493,1.34541,3.00,1.88
2011.01.21 03:22:53.797,1.34493,1.34541,3.00,1.50
2011.01.21 03:22:53.910,1.34491,1.3454,1.50,1.95
2011.01.21 03:22:54.503,1.34495,1.34542,1.50,2.25
2011.01.21 03:22:54.993,1.34495,1.34542,1.50,1.88
2011.01.21 03:22:55.896,1.34497,1.34542,1.50,1.50
2011.01.21 03:22:59.574,1.34496,1.34539,1.50,1.50
2011.01.21 03:22:59.690,1.34491,1.34539,1.50,1.50
2011.01.21 03:23:00.028,1.34491,1.34539,1.50,1.88
2011.01.21 03:23:00.606,1.34494,1.34539,1.50,1.88
2011.01.21 03:23:01.767,1.34494,1.34539,1.50,2.33
2011.01.21 03:23:02.213,1.34488,1.34539,1.29,2.33
2011.01.21 03:23:02.334,1.34487,1.34531,2.04,1.50
2011.01.21 03:23:05.507,1.34492,1.34539,1.50,3.00
2011.01.21 03:23:05.617,1.34492,1.34539,1.50,1.88
2011.01.21 03:23:12.477,1.3449,1.34539,1.50,1.88
2011.01.21 03:23:13.036,1.34489,1.34539,1.50,1.88
2011.01.21 03:23:13.147,1.34486,1.34539,2.04,3.38
2011.01.21 03:23:13.716,1.34486,1.34536,1.50,1.13
2011.01.21 03:23:13.834,1.34482,1.34535,1.50,1.13
2011.01.21 03:23:14.057,1.34482,1.34535,1.50,1.50
2011.01.21 03:23:15.228,1.3448,1.34533,1.88,1.88
2011.01.21 03:23:16.301,1.34482,1.3453,1.50,1.50
2011.01.21 03:23:20.106,1.34483,1.34529,1.50,1.50
2011.01.21 03:23:20.808,1.34482,1.34532,1.50,3.00
2011.01.21 03:23:20.926,1.34485,1.34532,1.50,1.50
2011.01.21 03:23:24.868,1.34483,1.34527,1.50,2.10
2011.01.21 03:23:24.977,1.34476,1.34526,1.88,1.58
2011.01.21 03:23:25.086,1.34474,1.34526,1.50,1.58
2011.01.21 03:23:25.877,1.34472,1.34525,1.50,1.58
2011.01.21 03:23:28.611,1.34472,1.34527,1.50,4.50
2011.01.21 03:23:30.789,1.34479,1.34527,1.50,1.50
2011.01.21 03:23:30.901,1.34479,1.34529,1.50,1.50
2011.01.21 03:23:31.126,1.34481,1.34529,1.50,1.50
2011.01.21 03:23:33.426,1.34478,1.34529,1.50,1.13
2011.01.21 03:23:35.428,1.34475,1.34528,2.04,1.88
2011.01.21 03:23:41.367,1.34475,1.34525,2.04,1.50
2011.01.21 03:23:43.856,1.34476,1.34529,1.50,2.63
2011.01.21 03:23:44.668,1.34476,1.34528,1.50,1.50
2011.01.21 03:23:49.089,1.34476,1.3453,1.50,2.63
2011.01.21 03:23:52.807,1.34476,1.34528,1.50,1.50
2011.01.21 03:23:52.918,1.34476,1.34525,1.50,1.50
2011.01.21 03:24:02.006,1.34481,1.34528,1.50,1.50
2011.01.21 03:24:02.117,1.34478,1.34528,3.00,1.50
2011.01.21 03:24:02.687,1.34479,1.34528,1.50,1.50
2011.01.21 03:24:03.508,1.3448,1.34528,1.50,1.50
2011.01.21 03:24:06.589,1.34482,1.34534,3.17,1.50
2011.01.21 03:24:06.702,1.34488,1.34534,1.50,1.50
2011.01.21 03:24:07.297,1.3449,1.34537,1.50,1.50
2011.01.21 03:24:09.197,1.3449,1.34538,1.50,1.50
2011.01.21 03:24:10.023,1.3449,1.34538,2.79,1.50
2011.01.21 03:24:10.686,1.34499,1.34539,1.50,1.50
2011.01.21 03:24:10.802,1.34499,1.34544,1.50,1.50
2011.01.21 03:24:10.920,1.34499,1.34549,3.00,2.25
2011.01.21 03:24:12.261,1.34499,1.34549,3.00,1.50
2011.01.21 03:24:12.602,1.34501,1.34551,1.50,2.25
2011.01.21 03:24:13.215,1.34499,1.34549,3.00,1.50
2011.01.21 03:24:13.548,1.34493,1.34543,2.04,1.50
2011.01.21 03:24:14.137,1.34495,1.34545,1.50,3.38
2011.01.21 03:24:15.167,1.34499,1.34548,1.50,1.13
2011.01.21 03:24:15.300,1.34497,1.34547,1.50,2.25
2011.01.21 03:24:16.157,1.345,1.34547,1.50,2.25
2011.01.21 03:24:16.934,1.345,1.34551,1.50,1.50
2011.01.21 03:24:17.266,1.34502,1.34552,1.50,1.50
2011.01.21 03:24:18.437,1.345,1.34551,1.50,1.50
2011.01.21 03:24:19.429,1.34502,1.34552,1.50,1.50
2011.01.21 03:24:27.588,1.34502,1.34552,1.88,1.50
2011.01.21 03:24:28.092,1.34507,1.34547,1.50,1.50
2011.01.21 03:24:28.215,1.34503,1.34554,1.50,1.50
2011.01.21 03:24:28.439,1.34502,1.34552,1.50,1.50
2011.01.21 03:24:29.897,1.34502,1.34552,1.50,2.25
2011.01.21 03:24:30.337,1.34502,1.3455,1.50,1.13
2011.01.21 03:24:30.667,1.34504,1.3455,1.50,1.13
2011.01.21 03:24:30.776,1.345,1.34552,3.00,3.00
2011.01.21 03:24:30.997,1.345,1.34552,3.00,1.50
2011.01.21 03:24:31.478,1.34502,1.34552,1.50,1.50
2011.01.21 03:24:33.567,1.34501,1.34551,1.50,2.25
2011.01.21 03:24:34.092,1.34501,1.34551,1.50,2.63
2011.01.21 03:24:34.214,1.34504,1.34552,1.50,1.50
2011.01.21 03:24:34.328,1.34504,1.34547,1.50,1.50
2011.01.21 03:24:34.439,1.34499,1.34547,3.00,1.50
2011.01.21 03:24:35.143,1.34497,1.34545,1.50,1.88
2011.01.21 03:24:36.852,1.34493,1.34545,1.50,3.38
2011.01.21 03:24:36.968,1.34495,1.34545,1.50,1.88
2011.01.21 03:24:40.118,1.34495,1.34546,1.50,2.63
2011.01.21 03:24:40.672,1.34496,1.34546,1.50,2.63
2011.01.21 03:24:42.065,1.34495,1.34545,1.50,1.88
2011.01.21 03:24:46.430,1.34491,1.34543,1.50,1.50
2011.01.21 03:24:46.541,1.34491,1.34537,1.50,1.50
2011.01.21 03:24:46.909,1.34493,1.34543,1.50,2.25
2011.01.21 03:24:48.295,1.34489,1.34541,1.50,1.88
2011.01.21 03:24:50.306,1.34489,1.34541,1.50,1.88
2011.01.21 03:24:51.197,1.34489,1.34541,1.50,1.88
2011.01.21 03:24:51.732,1.34481,1.34531,2.79,2.25
2011.01.21 03:24:52.287,1.34481,1.3453,1.50,2.25
2011.01.21 03:24:52.863,1.34475,1.34527,2.79,1.50
2011.01.21 03:24:52.982,1.34474,1.34526,1.29,3.00
2011.01.21 03:24:53.487,1.34474,1.34526,1.29,3.00
2011.01.21 03:24:54.617,1.34478,1.34521,1.29,1.50
2011.01.21 03:24:55.491,1.34478,1.34521,1.29,1.50
2011.01.21 03:24:56.907,1.34478,1.34521,1.29,1.50
2011.01.21 03:24:58.761,1.34476,1.34516,1.29,1.13
2011.01.21 03:24:59.103,1.34476,1.34518,1.29,1.88
2011.01.21 03:24:59.695,1.3448,1.34526,2.79,1.50
2011.01.21 03:25:00.926,1.3448,1.34524,2.79,1.50
2011.01.21 03:25:01.155,1.3448,1.34521,1.29,1.50
2011.01.21 03:25:01.377,1.3448,1.34523,1.29,1.50
2011.01.21 03:25:02.915,1.3448,1.34522,1.29,1.88
2011.01.21 03:25:03.249,1.34484,1.34528,1.67,1.50
2011.01.21 03:25:03.852,1.34487,1.34528,1.29,1.50
2011.01.21 03:25:04.116,1.34487,1.3453,1.29,1.50
2011.01.21 03:25:04.557,1.34487,1.34525,1.29,1.50
2011.01.21 03:25:04.777,1.34487,1.34527,1.29,1.50
2011.01.21 03:25:07.408,1.34487,1.34521,1.29,1.50
2011.01.21 03:25:07.520,1.34485,1.34521,1.29,1.50
2011.01.21 03:25:07.747,1.34481,1.34521,1.29,1.50
2011.01.21 03:25:13.937,1.34481,1.34505,1.29,1.50
2011.01.21 03:25:14.159,1.34465,1.34503,1.67,1.50
2011.01.21 03:25:14.267,1.34465,1.345,1.29,1.50
2011.01.21 03:25:14.377,1.3446,1.345,1.29,1.50
2011.01.21 03:25:15.008,1.34461,1.34498,1.29,1.50
2011.01.21 03:25:15.469,1.34461,1.34496,1.29,1.50
2011.01.21 03:25:17.063,1.34461,1.34504,1.67,2.25
2011.01.21 03:25:17.178,1.34468,1.34504,1.29,1.50
2011.01.21 03:25:17.397,1.34468,1.34506,1.67,1.50
2011.01.21 03:25:17.838,1.34468,1.34508,1.67,1.50
2011.01.21 03:25:22.623,1.34473,1.34515,1.29,1.50
2011.01.21 03:25:22.848,1.34473,1.34517,1.29,1.50
2011.01.21 03:25:28.339,1.34473,1.34513,1.29,1.50
2011.01.21 03:25:28.968,1.34473,1.34513,1.29,1.95
2011.01.21 03:25:29.564,1.34473,1.34511,1.29,1.50
2011.01.21 03:25:30.237,1.34473,1.34507,1.29,1.50
2011.01.21 03:25:33.197,1.3447,1.34507,1.29,1.50
2011.01.21 03:25:36.097,1.34467,1.34507,1.29,1.50
2011.01.21 03:25:36.317,1.34461,1.34506,1.67,1.50
2011.01.21 03:25:36.429,1.34461,1.34503,1.29,1.50
2011.01.21 03:25:36.975,1.34461,1.34499,1.29,1.50
2011.01.21 03:25:37.197,1.34461,1.34506,1.29,3.00
2011.01.21 03:25:38.100,1.34461,1.34507,1.29,1.50
2011.01.21 03:25:38.318,1.34461,1.34504,1.29,1.50
2011.01.21 03:25:39.852,1.34461,1.34508,1.29,2.25
2011.01.21 03:25:39.978,1.34464,1.34512,1.67,2.25
2011.01.21 03:25:40.093,1.34467,1.34512,1.29,2.25
2011.01.21 03:25:40.712,1.34469,1.34512,1.29,2.25
2011.01.21 03:25:44.776,1.34469,1.3451,1.29,1.50
2011.01.21 03:25:48.108,1.34469,1.34512,1.29,2.70
2011.01.21 03:25:49.538,1.34466,1.34512,1.29,2.25
2011.01.21 03:25:50.733,1.34466,1.3451,1.29,1.50
2011.01.21 03:25:51.747,1.34462,1.34506,1.29,1.50
2011.01.21 03:25:52.077,1.34463,1.34508,1.29,1.50
2011.01.21 03:25:52.187,1.34465,1.34508,1.29,1.50
2011.01.21 03:25:59.155,1.34465,1.34511,1.29,2.70
2011.01.21 03:26:01.137,1.34465,1.34507,1.29,1.50
2011.01.21 03:26:01.469,1.34465,1.34511,1.29,2.25
2011.01.21 03:26:01.578,1.34465,1.34507,1.29,1.50
2011.01.21 03:26:07.237,1.34467,1.34507,1.29,1.50
2011.01.21 03:26:07.569,1.34484,1.34527,2.25,1.50
2011.01.21 03:26:12.658,1.34484,1.34528,2.40,1.50
2011.01.21 03:26:12.988,1.34493,1.34531,1.50,1.50
2011.01.21 03:26:14.064,1.34493,1.34531,1.50,1.50
2011.01.21 03:26:16.215,1.34493,1.34532,1.50,1.50
2011.01.21 03:26:16.615,1.34493,1.34534,1.50,1.50
2011.01.21 03:26:17.727,1.34487,1.34534,1.29,3.45
2011.01.21 03:26:17.948,1.3448,1.34531,1.29,3.38
2011.01.21 03:26:18.168,1.34481,1.34526,1.29,1.50
2011.01.21 03:26:22.126,1.34485,1.34533,1.67,2.25
2011.01.21 03:26:22.240,1.34491,1.34533,1.29,1.50
2011.01.21 03:26:23.984,1.34488,1.34533,1.67,1.50
2011.01.21 03:26:24.102,1.34488,1.34528,1.29,1.50
2011.01.21 03:26:24.637,1.34488,1.34527,1.29,1.50
2011.01.21 03:26:25.586,1.34485,1.34527,1.29,1.50
2011.01.21 03:26:28.497,1.34485,1.34529,1.29,1.50
2011.01.21 03:26:30.134,1.34482,1.34528,1.29,1.50
2011.01.21 03:26:30.362,1.34479,1.34524,1.29,2.25
2011.01.21 03:26:30.477,1.34477,1.34524,1.29,2.25
2011.01.21 03:26:36.318,1.3448,1.34525,1.50,1.50
2011.01.21 03:26:36.430,1.34483,1.34528,1.29,1.50
2011.01.21 03:26:37.258,1.34487,1.34532,1.29,1.50
2011.01.21 03:26:37.628,1.34486,1.34532,1.29,3.00
2011.01.21 03:26:38.298,1.34484,1.3453,1.29,1.50
2011.01.21 03:26:41.879,1.34489,1.34536,2.04,1.50
2011.01.21 03:26:41.993,1.34489,1.34536,1.29,2.25
2011.01.21 03:26:42.688,1.34482,1.34534,1.67,1.13
2011.01.21 03:26:42.808,1.34489,1.3453,1.50,1.50
2011.01.21 03:26:42.925,1.34489,1.34534,2.79,1.13
2011.01.21 03:26:43.500,1.34489,1.34536,3.17,1.50
2011.01.21 03:26:43.614,1.34493,1.34539,1.29,2.25
2011.01.21 03:26:47.699,1.34493,1.34535,1.29,1.50
2011.01.21 03:26:47.918,1.34489,1.34536,1.29,3.00
2011.01.21 03:26:51.527,1.34486,1.34531,1.29,1.50
2011.01.21 03:26:53.764,1.3449,1.34535,1.29,2.25
2011.01.21 03:26:54.262,1.34491,1.34539,1.29,3.38
2011.01.21 03:26:54.381,1.34493,1.34539,1.29,3.38
2011.01.21 03:26:54.500,1.34489,1.34537,2.79,1.50
2011.01.21 03:26:54.612,1.34489,1.34534,2.04,1.50
2011.01.21 03:26:56.794,1.34486,1.34531,1.29,1.20
2011.01.21 03:26:57.335,1.34481,1.34526,1.50,1.88
2011.01.21 03:26:57.888,1.34481,1.34522,1.50,1.50
2011.01.21 03:26:58.391,1.34487,1.34529,2.04,1.13
2011.01.21 03:26:58.514,1.34487,1.3453,2.79,1.50
2011.01.21 03:26:58.629,1.34487,1.34535,3.17,1.50
2011.01.21 03:26:59.426,1.34488,1.34534,1.29,2.25
2011.01.21 03:27:00.847,1.34488,1.34534,1.29,2.25
2011.01.21 03:27:01.068,1.34483,1.34527,1.29,1.50
2011.01.21 03:27:01.288,1.34482,1.34527,2.04,3.00
2011.01.21 03:27:01.798,1.34482,1.34527,1.50,3.38
2011.01.21 03:27:02.218,1.34479,1.34524,3.54,1.50
2011.01.21 03:27:03.111,1.3448,1.34524,1.50,1.50
2011.01.21 03:27:04.811,1.3448,1.34524,1.50,1.50
2011.01.21 03:27:08.487,1.34478,1.34524,1.29,1.50
2011.01.21 03:27:11.796,1.34482,1.34526,1.29,2.25
2011.01.21 03:27:16.965,1.3448,1.34528,4.29,3.00
2011.01.21 03:27:17.080,1.3448,1.34524,2.04,1.50
2011.01.21 03:27:18.899,1.34482,1.34528,1.29,3.00
2011.01.21 03:27:22.218,1.34489,1.34528,1.50,3.00
2011.01.21 03:27:22.437,1.34489,1.34531,1.50,1.50
2011.01.21 03:27:23.388,1.34489,1.34533,2.79,2.25
2011.01.21 03:27:24.767,1.34489,1.34533,2.79,1.50
2011.01.21 03:27:25.098,1.34478,1.34523,3.75,1.13
2011.01.21 03:27:25.210,1.34478,1.34519,3.00,1.50
2011.01.21 03:27:25.873,1.34481,1.34519,1.50,1.50
2011.01.21 03:27:25.991,1.34481,1.3452,1.50,1.50
2011.01.21 03:27:26.869,1.34481,1.34522,1.50,1.50
2011.01.21 03:27:27.971,1.34489,1.34527,1.50,1.50
2011.01.21 03:27:28.199,1.34489,1.3453,1.50,1.50
2011.01.21 03:27:29.084,1.34484,1.34526,1.50,1.88
2011.01.21 03:27:30.811,1.34478,1.3452,1.50,1.50
2011.01.21 03:27:32.882,1.34478,1.34522,2.04,1.50
2011.01.21 03:27:32.998,1.34481,1.34524,1.50,1.50
2011.01.21 03:27:33.110,1.34481,1.34527,1.50,1.50
2011.01.21 03:27:33.337,1.34483,1.34528,1.29,2.25
2011.01.21 03:27:41.279,1.34483,1.34525,1.29,1.50
2011.01.21 03:27:41.776,1.34479,1.34525,1.29,2.25
2011.01.21 03:27:43.791,1.34478,1.34515,3.75,1.13
2011.01.21 03:27:43.912,1.34469,1.34515,2.04,1.13
2011.01.21 03:27:44.030,1.34469,1.34515,1.50,1.50
2011.01.21 03:27:44.477,1.34474,1.34515,1.50,1.50
2011.01.21 03:27:44.598,1.3447,1.34515,1.50,1.50
2011.01.21 03:27:45.051,1.34472,1.3452,1.29,1.50
2011.01.21 03:27:45.639,1.34478,1.34521,1.50,1.50
2011.01.21 03:27:45.750,1.34473,1.34521,1.29,3.00
2011.01.21 03:27:46.792,1.34472,1.3452,1.29,1.50
2011.01.21 03:27:47.439,1.34475,1.3452,1.50,1.50
2011.01.21 03:27:47.917,1.34478,1.34521,2.04,1.50
2011.01.21 03:27:48.477,1.34478,1.34524,2.04,1.50
2011.01.21 03:27:50.847,1.34478,1.3452,1.50,1.50
2011.01.21 03:27:53.890,1.34478,1.34523,2.04,1.50
2011.01.21 03:27:55.387,1.34478,1.34522,1.50,1.13
2011.01.21 03:28:03.199,1.34474,1.3452,2.04,1.50
2011.01.21 03:28:04.510,1.34486,1.34519,1.50,2.25
2011.01.21 03:28:04.983,1.34493,1.3453,1.50,1.50
2011.01.21 03:28:06.438,1.34481,1.34528,1.50,1.13
2011.01.21 03:28:06.548,1.34478,1.34524,2.04,1.50
2011.01.21 03:28:07.234,1.34479,1.34523,1.50,2.25
2011.01.21 03:28:08.509,1.3448,1.34524,1.50,1.50
2011.01.21 03:28:09.057,1.34481,1.34524,1.50,1.50
2011.01.21 03:28:18.448,1.34478,1.34524,1.29,1.50
2011.01.21 03:28:20.170,1.34474,1.34519,2.04,1.50
2011.01.21 03:28:20.293,1.34477,1.34523,2.04,1.50
2011.01.21 03:28:23.258,1.34477,1.34521,2.04,1.50
2011.01.21 03:28:23.852,1.34465,1.34516,2.42,3.45
2011.01.21 03:28:24.173,1.3447,1.34516,1.29,1.95
2011.01.21 03:28:27.833,1.34473,1.34516,1.50,1.50
2011.01.21 03:28:30.260,1.3447,1.34516,2.79,1.50
2011.01.21 03:28:30.699,1.34469,1.34515,2.04,1.50
2011.01.21 03:28:33.949,1.34474,1.34515,1.50,1.50
2011.01.21 03:28:34.347,1.3447,1.34515,1.50,1.50
2011.01.21 03:28:37.256,1.3447,1.34513,2.04,1.50
2011.01.21 03:28:39.720,1.34465,1.34512,2.79,1.50
2011.01.21 03:28:41.008,1.34467,1.34512,1.50,1.50
2011.01.21 03:28:41.337,1.34469,1.34513,2.04,1.50
2011.01.21 03:28:46.332,1.34468,1.34513,2.04,1.50
2011.01.21 03:28:48.543,1.34468,1.34508,1.50,1.50
2011.01.21 03:28:48.664,1.34465,1.34508,1.50,1.58
2011.01.21 03:28:48.782,1.34465,1.34506,1.50,1.13
2011.01.21 03:28:48.902,1.34457,1.34502,2.04,1.50
2011.01.21 03:28:49.620,1.34459,1.34502,1.50,1.50
2011.01.21 03:28:50.153,1.34458,1.34502,1.50,1.50
2011.01.21 03:28:52.288,1.34458,1.34504,2.79,1.50
2011.01.21 03:28:52.642,1.34463,1.34504,1.50,1.50
2011.01.21 03:28:52.869,1.34461,1.34504,1.50,1.50
2011.01.21 03:28:55.584,1.34455,1.34499,1.50,1.50
2011.01.21 03:29:01.899,1.34453,1.34499,2.79,1.50
2011.01.21 03:29:02.010,1.34457,1.34503,1.29,2.25
2011.01.21 03:29:08.147,1.34456,1.34503,2.25,1.20
2011.01.21 03:29:08.496,1.34451,1.34498,3.54,1.50
2011.01.21 03:29:11.349,1.3445,1.34495,1.29,2.25
2011.01.21 03:29:23.548,1.34444,1.34492,1.29,3.00
2011.01.21 03:29:45.255,1.3445,1.34492,1.50,1.50
2011.01.21 03:29:45.369,1.3445,1.34494,2.04,1.50
2011.01.21 03:30:06.538,1.34444,1.34493,1.29,3.00
2011.01.21 03:30:06.937,1.34444,1.34489,1.29,1.50
2011.01.21 03:30:09.189,1.34444,1.34491,1.29,1.50
2011.01.21 03:30:09.298,1.34447,1.34493,1.29,2.25
2011.01.21 03:30:14.228,1.34444,1.34491,1.29,1.50
2011.01.21 03:30:19.049,1.34448,1.34492,1.29,2.25
2011.01.21 03:30:20.809,1.34445,1.34491,1.29,1.50
2011.01.21 03:30:24.498,1.34445,1.34489,1.29,1.50
2011.01.21 03:30:25.000,1.34435,1.34483,2.04,1.88
2011.01.21 03:30:25.438,1.34436,1.34482,1.29,2.25
2011.01.21 03:30:25.862,1.34444,1.34482,1.29,1.50
2011.01.21 03:30:25.986,1.34444,1.34489,1.29,3.75
2011.01.21 03:30:27.597,1.34441,1.34488,2.04,1.50
2011.01.21 03:30:28.577,1.34443,1.34489,1.29,3.75
2011.01.21 03:30:28.687,1.34445,1.34489,1.29,3.00
2011.01.21 03:30:30.283,1.34445,1.34491,1.67,1.50
2011.01.21 03:30:30.402,1.34442,1.34488,2.04,1.50
2011.01.21 03:30:30.520,1.34442,1.34488,2.04,1.50
2011.01.21 03:30:31.344,1.34443,1.34488,1.50,2.25
2011.01.21 03:30:39.333,1.34438,1.34484,2.04,1.50
2011.01.21 03:30:39.779,1.34438,1.34485,1.29,1.50
2011.01.21 03:30:46.377,1.3444,1.34488,1.29,2.25
2011.01.21 03:30:46.487,1.34444,1.34488,1.29,2.25
2011.01.21 03:30:52.028,1.34447,1.34491,1.29,1.50
2011.01.21 03:30:54.011,1.34447,1.34491,1.67,1.50
2011.01.21 03:30:55.602,1.34448,1.34491,1.29,1.50
2011.01.21 03:30:56.137,1.34449,1.34491,1.29,1.50
2011.01.21 03:30:57.439,1.34449,1.34488,1.29,1.50
2011.01.21 03:31:01.337,1.34449,1.3449,1.29,1.50
2011.01.21 03:31:04.709,1.34449,1.34492,1.29,1.50
2011.01.21 03:31:05.082,1.34451,1.34492,1.29,1.50
2011.01.21 03:31:05.309,1.34451,1.34495,1.29,1.50
2011.01.21 03:31:12.741,1.34451,1.34497,1.29,2.25
2011.01.21 03:31:16.638,1.34451,1.34495,1.29,1.50
2011.01.21 03:31:22.530,1.34451,1.34497,1.29,2.25
2011.01.21 03:31:23.676,1.34446,1.34491,1.29,3.00
2011.01.21 03:31:23.901,1.34441,1.34488,1.29,1.50
2011.01.21 03:31:24.130,1.34438,1.34488,1.29,2.25
2011.01.21 03:31:24.932,1.34439,1.34485,1.29,1.50
2011.01.21 03:31:29.708,1.34443,1.34485,1.50,1.50
2011.01.21 03:31:30.210,1.34443,1.34489,2.04,3.00
2011.01.21 03:31:48.141,1.34439,1.34487,1.29,3.00
2011.01.21 03:31:48.481,1.34439,1.34482,1.29,1.95
2011.01.21 03:31:55.436,1.34435,1.3448,2.04,1.95
2011.01.21 03:31:55.552,1.34433,1.34479,1.29,2.25
2011.01.21 03:32:20.769,1.34432,1.34477,1.50,1.50
2011.01.21 03:32:21.504,1.34433,1.34477,1.50,1.50
2011.01.21 03:32:22.978,1.34434,1.3448,1.29,1.50
2011.01.21 03:32:26.617,1.34436,1.34483,1.29,2.25
2011.01.21 03:32:38.119,1.34433,1.3448,3.54,1.50
2011.01.21 03:32:47.975,1.34443,1.34483,1.50,1.50
2011.01.21 03:32:48.874,1.34444,1.3449,2.79,1.50
2011.01.21 03:32:48.991,1.34453,1.34493,1.50,3.00
2011.01.21 03:32:49.680,1.34454,1.34496,1.50,2.25
2011.01.21 03:32:49.908,1.34454,1.34498,2.04,1.50
2011.01.21 03:32:51.859,1.34454,1.34498,2.04,3.00
2011.01.21 03:32:52.369,1.34453,1.34493,1.29,1.50
2011.01.21 03:32:52.478,1.3445,1.34493,1.29,2.25
2011.01.21 03:32:52.587,1.34448,1.34494,1.67,3.00
2011.01.21 03:32:56.072,1.34454,1.34498,1.50,3.00
2011.01.21 03:32:59.427,1.34454,1.34498,2.04,2.25
2011.01.21 03:33:06.812,1.34453,1.34497,2.79,1.50
2011.01.21 03:33:09.354,1.34453,1.34498,1.50,1.50
2011.01.21 03:33:10.130,1.34454,1.34498,1.50,1.50
2011.01.21 03:33:10.715,1.34448,1.34493,1.29,1.50
2011.01.21 03:33:10.830,1.34446,1.34493,2.04,1.50
2011.01.21 03:33:11.642,1.34444,1.34488,1.29,1.50
2011.01.21 03:33:11.761,1.34443,1.34488,2.63,1.50
2011.01.21 03:33:12.309,1.34444,1.34488,1.29,1.50
2011.01.21 03:33:13.183,1.34443,1.34489,3.54,1.50
2011.01.21 03:33:13.877,1.34446,1.34492,2.04,1.50
2011.01.21 03:33:17.606,1.34446,1.34494,2.04,1.50
2011.01.21 03:33:17.718,1.34449,1.34495,1.29,1.50
2011.01.21 03:33:18.278,1.34449,1.34493,1.29,1.50
2011.01.21 03:33:19.767,1.34449,1.34495,1.29,3.00
2011.01.21 03:33:19.987,1.34445,1.34492,2.04,1.50
2011.01.21 03:33:21.780,1.34445,1.34492,1.50,1.50
2011.01.21 03:33:21.998,1.34443,1.34488,3.54,1.50
2011.01.21 03:33:23.064,1.34441,1.34482,1.50,1.50
2011.01.21 03:33:23.775,1.3444,1.34482,1.50,1.50
2011.01.21 03:33:24.259,1.3444,1.34485,1.29,1.50
2011.01.21 03:33:26.302,1.34441,1.34489,1.67,3.00
2011.01.21 03:33:26.857,1.34444,1.34492,4.29,1.50
2011.01.21 03:33:36.526,1.34451,1.34497,1.29,3.00
2011.01.21 03:33:40.988,1.34451,1.34496,1.29,1.13
2011.01.21 03:33:41.099,1.34448,1.34493,1.50,1.50
2011.01.21 03:33:41.665,1.34445,1.34493,3.17,1.50
2011.01.21 03:33:44.664,1.34439,1.34485,1.29,1.50
2011.01.21 03:33:48.957,1.34436,1.34482,1.29,1.50
2011.01.21 03:33:51.899,1.34445,1.34482,1.50,1.50
2011.01.21 03:33:52.008,1.34445,1.34487,1.50,1.50
2011.01.21 03:33:53.409,1.34441,1.34486,1.29,2.25
2011.01.21 03:33:57.978,1.34441,1.34484,1.29,1.50
2011.01.21 03:33:59.379,1.34441,1.34485,1.29,2.25
2011.01.21 03:34:20.359,1.34448,1.34487,1.50,1.50
2011.01.21 03:34:20.469,1.34451,1.34495,1.29,1.50
2011.01.21 03:34:20.623,1.34451,1.34496,1.29,1.50
2011.01.21 03:34:21.191,1.3445,1.34499,1.29,3.00
2011.01.21 03:34:25.324,1.34456,1.34502,1.29,1.50
2011.01.21 03:34:34.100,1.34457,1.34502,1.29,1.50
2011.01.21 03:34:34.769,1.34465,1.3451,2.04,1.13
2011.01.21 03:34:34.886,1.34466,1.34511,2.04,2.25
2011.01.21 03:34:39.928,1.34465,1.34504,1.29,1.50
2011.01.21 03:34:40.148,1.34464,1.34508,1.29,2.25
2011.01.21 03:34:44.868,1.34461,1.3451,2.04,1.50
2011.01.21 03:34:44.977,1.3446,1.34505,2.79,1.50
2011.01.21 03:34:51.478,1.3446,1.34503,1.29,1.50
2011.01.21 03:34:52.102,1.3446,1.34504,1.29,2.25
2011.01.21 03:35:00.613,1.34461,1.34509,2.79,1.50
2011.01.21 03:35:02.724,1.34464,1.34511,1.29,2.25
2011.01.21 03:35:07.248,1.34463,1.34511,1.29,2.25
2011.01.21 03:35:08.534,1.34461,1.34509,2.79,1.50
2011.01.21 03:35:25.859,1.34467,1.34509,1.50,1.50
2011.01.21 03:35:26.452,1.34463,1.34509,2.04,1.50
2011.01.21 03:35:28.090,1.34464,1.34509,1.50,1.50
2011.01.21 03:35:28.199,1.34468,1.34509,1.50,1.50
2011.01.21 03:35:34.788,1.34464,1.34509,1.50,1.50
2011.01.21 03:35:35.009,1.34463,1.34507,1.50,1.13
2011.01.21 03:35:37.220,1.34455,1.34501,1.29,2.25
2011.01.21 03:35:37.629,1.34453,1.34498,4.29,1.50
2011.01.21 03:35:44.690,1.34453,1.34501,4.67,3.00
2011.01.21 03:35:45.075,1.34456,1.34501,1.29,2.25
2011.01.21 03:35:45.197,1.34463,1.34507,2.04,1.50
2011.01.21 03:35:46.510,1.34463,1.34509,1.50,3.00
2011.01.21 03:35:46.843,1.34468,1.34508,1.50,2.25
2011.01.21 03:35:49.729,1.34465,1.34509,1.29,1.50
2011.01.21 03:35:51.296,1.34461,1.34508,1.29,2.25
2011.01.21 03:35:51.669,1.34461,1.34507,1.29,1.20
2011.01.21 03:35:51.780,1.3446,1.34505,2.04,1.95
2011.01.21 03:35:58.469,1.34456,1.34501,1.29,1.50
2011.01.21 03:36:13.189,1.34456,1.345,1.29,1.58
2011.01.21 03:36:13.714,1.34451,1.34484,1.50,1.50
2011.01.21 03:36:13.825,1.34448,1.34493,1.29,3.75
2011.01.21 03:36:17.100,1.34451,1.34496,1.29,2.25
2011.01.21 03:36:17.318,1.34453,1.345,2.04,1.50
2011.01.21 03:36:17.464,1.34453,1.345,2.04,1.50
2011.01.21 03:36:25.750,1.34451,1.34497,2.79,1.50
2011.01.21 03:36:26.535,1.34451,1.34494,1.50,1.50
2011.01.21 03:36:29.758,1.34447,1.34494,2.25,1.88
2011.01.21 03:36:31.041,1.34447,1.34491,1.50,1.50
2011.01.21 03:36:34.010,1.34446,1.34491,2.04,1.50
2011.01.21 03:36:36.643,1.34449,1.34491,3.00,1.50
2011.01.21 03:36:41.569,1.34449,1.34494,2.04,2.25
2011.01.21 03:36:43.784,1.34451,1.34498,1.29,3.00
2011.01.21 03:36:44.010,1.34456,1.345,1.50,1.50
2011.01.21 03:36:44.431,1.34456,1.34505,2.25,1.50
2011.01.21 03:36:44.551,1.34457,1.34501,1.29,1.50
2011.01.21 03:36:45.079,1.34457,1.34505,1.29,3.00
2011.01.21 03:36:46.610,1.34453,1.34499,1.29,1.50
2011.01.21 03:37:05.097,1.34456,1.34503,1.29,3.83
2011.01.21 03:37:10.708,1.34459,1.34505,1.29,3.00
2011.01.21 03:37:20.240,1.34469,1.34505,1.50,1.50
2011.01.21 03:37:22.588,1.3446,1.34504,2.04,2.25
2011.01.21 03:37:46.077,1.3446,1.34505,1.50,1.88
2011.01.21 03:37:46.767,1.3446,1.34502,1.50,1.50
2011.01.21 03:37:49.061,1.34453,1.34498,3.17,2.25
2011.01.21 03:37:49.295,1.34453,1.34492,1.50,1.50
2011.01.21 03:37:49.584,1.3445,1.34492,1.88,1.50
2011.01.21 03:37:53.180,1.3445,1.34489,1.50,1.50
2011.01.21 03:37:57.448,1.3445,1.3449,1.50,1.50
2011.01.21 03:38:03.769,1.3445,1.34488,1.50,1.13
2011.01.21 03:38:04.353,1.34439,1.34483,1.50,1.50
2011.01.21 03:38:16.388,1.34441,1.34483,1.50,1.50
2011.01.21 03:38:21.417,1.34441,1.34486,2.04,1.50
2011.01.21 03:38:23.585,1.34449,1.34486,1.50,1.50
2011.01.21 03:38:24.818,1.34449,1.3449,1.50,1.50
2011.01.21 03:38:31.469,1.34442,1.34484,1.29,1.50
2011.01.21 03:38:31.586,1.34439,1.34484,2.04,2.25
2011.01.21 03:38:34.649,1.34441,1.3449,1.13,1.50
2011.01.21 03:38:34.760,1.34442,1.34487,1.29,2.25
2011.01.21 03:38:42.251,1.34442,1.34485,1.29,1.50
2011.01.21 03:38:42.376,1.3444,1.34484,2.04,1.13
2011.01.21 03:38:42.599,1.34441,1.34487,2.04,1.50
2011.01.21 03:38:43.228,1.34439,1.34488,4.29,2.63
2011.01.21 03:38:48.300,1.3444,1.34487,2.04,1.50
2011.01.21 03:38:48.410,1.3444,1.34487,2.04,2.25
2011.01.21 03:38:57.957,1.3444,1.34487,2.04,3.00
2011.01.21 03:38:58.067,1.3444,1.34486,2.04,1.50
2011.01.21 03:39:01.447,1.3444,1.34483,1.50,1.50
2011.01.21 03:39:04.270,1.3444,1.34485,2.79,2.25
2011.01.21 03:39:21.649,1.34449,1.34486,1.50,1.50
2011.01.21 03:39:22.318,1.34449,1.34483,1.50,1.50
2011.01.21 03:39:22.428,1.34441,1.34483,2.04,1.50
2011.01.21 03:39:24.308,1.3444,1.34481,1.29,1.50
2011.01.21 03:39:24.848,1.3445,1.34481,1.50,1.50
2011.01.21 03:39:24.966,1.3445,1.34488,1.50,1.50
2011.01.21 03:39:32.219,1.34441,1.34486,2.79,2.25
2011.01.21 03:39:42.857,1.3445,1.34488,1.50,1.50
2011.01.21 03:39:42.969,1.34441,1.34488,1.29,1.50
2011.01.21 03:39:48.791,1.3444,1.34483,2.04,2.25
2011.01.21 03:39:50.049,1.34438,1.34483,1.29,2.63
2011.01.21 03:39:50.270,1.34431,1.34477,2.79,1.50
2011.01.21 03:39:50.765,1.34429,1.34473,1.50,1.50
2011.01.21 03:39:53.568,1.34431,1.34473,1.50,1.50
2011.01.21 03:39:53.787,1.34431,1.34473,2.04,1.50
2011.01.21 03:39:57.834,1.34439,1.34475,1.50,1.50
2011.01.21 03:39:58.061,1.3443,1.34475,2.79,1.50
2011.01.21 03:39:58.762,1.3443,1.34473,2.04,1.50
2011.01.21 03:39:58.886,1.34429,1.34471,1.50,1.50
2011.01.21 03:39:59.663,1.34429,1.34472,2.04,2.25
2011.01.21 03:40:00.169,1.34424,1.34471,1.29,1.58
2011.01.21 03:40:00.279,1.34422,1.34468,1.29,1.50
2011.01.21 03:40:00.722,1.3442,1.34468,2.25,1.88
2011.01.21 03:40:00.841,1.3442,1.34464,1.50,1.50
2011.01.21 03:40:02.018,1.34419,1.34463,2.04,1.20
2011.01.21 03:40:02.812,1.3442,1.34464,1.50,1.50
2011.01.21 03:40:13.618,1.3442,1.34463,1.50,1.20
2011.01.21 03:40:14.530,1.34419,1.34463,2.04,1.20
2011.01.21 03:40:14.641,1.34415,1.3446,1.29,1.50
2011.01.21 03:40:15.128,1.3442,1.3446,1.50,1.50
2011.01.21 03:40:21.625,1.34421,1.3446,1.50,1.50
2011.01.21 03:40:21.741,1.34421,1.34465,1.50,3.00
2011.01.21 03:40:28.207,1.34421,1.34465,1.50,3.38
2011.01.21 03:40:33.038,1.34421,1.34466,2.04,3.00
2011.01.21 03:40:45.252,1.3442,1.34463,2.04,1.58
2011.01.21 03:40:45.628,1.3442,1.34459,1.50,1.13
2011.01.21 03:40:47.938,1.3442,1.34457,1.50,1.50
2011.01.21 03:40:49.149,1.3442,1.34457,1.50,1.50
2011.01.21 03:40:49.258,1.34411,1.34454,2.25,1.13
2011.01.21 03:40:52.183,1.34411,1.34454,1.50,2.63
2011.01.21 03:40:52.506,1.3441,1.34449,1.50,1.13
2011.01.21 03:40:52.620,1.3441,1.34451,1.50,1.50
2011.01.21 03:40:53.462,1.34409,1.34453,2.04,3.00
2011.01.21 03:40:56.975,1.34409,1.34453,2.04,1.13
2011.01.21 03:41:01.428,1.34409,1.34453,2.04,1.58
2011.01.21 03:41:01.760,1.34409,1.34453,2.04,1.58
2011.01.21 03:41:02.358,1.34409,1.34443,1.50,1.50
2011.01.21 03:41:02.473,1.34402,1.34443,1.50,1.50
2011.01.21 03:41:03.180,1.3439,1.34435,2.04,1.58
2011.01.21 03:41:03.753,1.34387,1.34432,1.29,1.95
2011.01.21 03:41:04.490,1.34387,1.34432,1.29,1.95
2011.01.21 03:41:05.118,1.34387,1.34432,1.67,1.95
2011.01.21 03:41:06.876,1.34387,1.34432,1.29,1.95
2011.01.21 03:41:07.369,1.34387,1.34426,1.29,1.13
2011.01.21 03:41:07.588,1.34387,1.34427,1.29,1.13
2011.01.21 03:41:08.134,1.34388,1.34435,3.17,2.25
2011.01.21 03:41:09.620,1.344,1.34437,1.50,1.50
2011.01.21 03:41:11.500,1.34392,1.34437,1.29,1.50
2011.01.21 03:41:12.288,1.34391,1.34433,1.50,1.50
2011.01.21 03:41:13.530,1.344,1.34435,1.50,1.50
2011.01.21 03:41:13.638,1.344,1.34438,1.50,1.50
2011.01.21 03:41:22.207,1.34392,1.34438,2.04,1.50
2011.01.21 03:41:23.358,1.34392,1.34435,1.50,1.50
2011.01.21 03:41:37.130,1.344,1.34435,1.50,1.50
2011.01.21 03:41:39.005,1.34391,1.34435,1.50,1.50
2011.01.21 03:41:39.119,1.34391,1.34438,2.04,1.50
2011.01.21 03:41:46.398,1.34391,1.34435,2.04,1.95
2011.01.21 03:41:46.959,1.34395,1.34438,1.50,3.00
2011.01.21 03:41:47.571,1.344,1.34438,1.50,1.50
2011.01.21 03:41:52.679,1.34392,1.34438,2.04,1.50
2011.01.21 03:41:55.779,1.344,1.34438,1.50,1.50
2011.01.21 03:41:56.529,1.344,1.34442,1.50,3.00
2011.01.21 03:41:58.961,1.34394,1.34439,1.50,2.33
2011.01.21 03:41:59.068,1.3439,1.34435,1.29,1.95
2011.01.21 03:41:59.552,1.3439,1.34433,1.50,1.50
2011.01.21 03:42:00.158,1.3439,1.3443,1.50,1.50
2011.01.21 03:42:00.899,1.34389,1.3443,1.50,1.50
2011.01.21 03:42:04.631,1.34387,1.3443,1.50,1.50
2011.01.21 03:42:04.738,1.34383,1.34427,1.50,1.50
2011.01.21 03:42:05.349,1.34382,1.34427,2.04,1.50
2011.01.21 03:42:05.869,1.3439,1.34427,1.50,1.50
2011.01.21 03:42:07.409,1.3439,1.34424,1.50,1.20
2011.01.21 03:42:07.519,1.34382,1.34424,2.04,1.20
2011.01.21 03:42:07.934,1.34382,1.34423,1.50,1.20
2011.01.21 03:42:08.048,1.34379,1.34423,2.04,1.20
2011.01.21 03:42:16.338,1.34379,1.34421,1.50,1.50
2011.01.21 03:42:19.499,1.34379,1.34422,2.04,1.50
2011.01.21 03:42:20.070,1.34379,1.34424,3.54,1.20
2011.01.21 03:42:21.718,1.34381,1.34427,1.67,1.50
2011.01.21 03:42:21.938,1.34383,1.34429,2.04,2.25
2011.01.21 03:42:22.577,1.34384,1.34429,1.29,2.25
2011.01.21 03:42:25.300,1.34387,1.34429,1.50,2.25
2011.01.21 03:42:25.827,1.34394,1.34439,2.04,1.50
2011.01.21 03:42:26.048,1.34394,1.3444,2.04,2.25
2011.01.21 03:42:32.270,1.344,1.34442,2.04,2.25
2011.01.21 03:42:34.780,1.344,1.34444,1.50,1.13
2011.01.21 03:42:35.000,1.34396,1.34442,1.50,1.50
2011.01.21 03:42:35.489,1.34395,1.34436,1.50,1.50
2011.01.21 03:42:35.603,1.34386,1.34433,1.67,1.50
2011.01.21 03:42:35.722,1.3439,1.34435,1.50,1.50
2011.01.21 03:42:36.231,1.34389,1.34435,1.50,1.50
2011.01.21 03:42:36.558,1.34389,1.34436,2.79,1.50
2011.01.21 03:42:38.977,1.34393,1.34439,1.29,1.50
2011.01.21 03:42:39.422,1.34392,1.34436,1.50,1.50
2011.01.21 03:42:40.378,1.34392,1.34438,2.79,1.50
2011.01.21 03:42:40.928,1.34395,1.34438,1.50,1.50
2011.01.21 03:42:42.298,1.34395,1.34442,2.04,3.00
2011.01.21 03:42:50.971,1.34396,1.34447,1.50,3.00
2011.01.21 03:42:51.080,1.34396,1.34447,1.50,2.25
2011.01.21 03:43:05.918,1.34394,1.34444,1.50,1.50
2011.01.21 03:43:09.949,1.34395,1.3444,1.50,1.50
2011.01.21 03:43:10.405,1.34395,1.34443,1.50,1.88
2011.01.21 03:43:10.525,1.34396,1.34446,1.50,2.25
2011.01.21 03:43:12.323,1.34397,1.34447,1.50,2.25
2011.01.21 03:43:16.422,1.34397,1.34447,1.50,1.50
2011.01.21 03:43:16.960,1.34403,1.34451,1.50,1.13
2011.01.21 03:43:17.288,1.34405,1.34454,1.50,1.13
2011.01.21 03:43:17.398,1.34405,1.34455,1.50,2.25
2011.01.21 03:43:20.946,1.34405,1.34455,1.50,1.50
2011.01.21 03:43:21.530,1.34405,1.34453,1.50,1.50
2011.01.21 03:43:22.198,1.34404,1.34452,1.50,1.50
2011.01.21 03:43:24.019,1.34404,1.34455,1.50,1.20
2011.01.21 03:43:24.501,1.34404,1.34456,1.50,3.00
2011.01.21 03:43:25.189,1.34404,1.34456,1.50,2.25
2011.01.21 03:43:25.519,1.34407,1.3446,1.50,2.63
2011.01.21 03:43:25.971,1.34412,1.34464,1.50,1.50
2011.01.21 03:43:26.527,1.34411,1.3446,1.50,1.95
2011.01.21 03:43:27.012,1.34408,1.3446,1.29,3.83
2011.01.21 03:43:28.219,1.3441,1.34461,2.04,1.88
2011.01.21 03:43:28.438,1.3441,1.34461,2.04,1.50
2011.01.21 03:43:31.609,1.3441,1.3446,2.04,2.33
2011.01.21 03:43:34.486,1.34409,1.3446,2.04,3.83
2011.01.21 03:43:35.011,1.34409,1.3446,2.04,1.88
2011.01.21 03:43:35.121,1.34414,1.34465,1.50,4.73
2011.01.21 03:43:35.543,1.34411,1.34462,1.50,2.33
2011.01.21 03:43:36.192,1.34411,1.3446,1.50,1.95
2011.01.21 03:43:39.018,1.34411,1.3446,1.50,2.33
2011.01.21 03:43:39.350,1.34409,1.34461,1.50,3.38
2011.01.21 03:43:39.569,1.34412,1.34462,1.50,1.13
2011.01.21 03:43:40.084,1.34418,1.34466,1.50,1.13
2011.01.21 03:43:41.070,1.34418,1.34468,1.50,3.00
2011.01.21 03:43:45.220,1.34419,1.34468,1.50,1.50
2011.01.21 03:43:45.328,1.34426,1.34468,1.50,1.50
2011.01.21 03:43:51.044,1.34436,1.34479,1.50,2.70
2011.01.21 03:43:51.159,1.34436,1.34479,1.50,2.25
2011.01.21 03:43:51.269,1.34436,1.34482,1.50,1.50
2011.01.21 03:43:52.110,1.34436,1.34483,1.50,1.13
2011.01.21 03:43:52.330,1.34436,1.34479,1.50,1.13
2011.01.21 03:43:52.439,1.34426,1.34478,1.50,1.88
2011.01.21 03:43:54.592,1.34425,1.34474,1.50,1.50
2011.01.21 03:44:14.408,1.34425,1.34474,1.50,1.88
2011.01.21 03:44:24.846,1.34425,1.34474,1.50,1.88
2011.01.21 03:44:25.178,1.34425,1.34471,1.50,1.50
2011.01.21 03:44:26.960,1.34424,1.34471,1.50,1.88
2011.01.21 03:44:29.858,1.34424,1.3447,1.50,1.13
2011.01.21 03:44:31.542,1.34426,1.34475,1.50,1.50
2011.01.21 03:44:38.128,1.34426,1.34475,1.50,2.25
2011.01.21 03:44:42.928,1.34426,1.34475,1.50,2.25
2011.01.21 03:44:43.039,1.34424,1.34472,1.50,1.88
2011.01.21 03:44:43.152,1.34423,1.34471,1.50,1.50
2011.01.21 03:44:43.269,1.34421,1.3447,1.50,2.25
2011.01.21 03:44:43.830,1.34421,1.34469,1.50,1.13
2011.01.21 03:44:44.118,1.34421,1.3447,1.50,2.63
2011.01.21 03:44:45.494,1.34423,1.34472,1.50,1.50
2011.01.21 03:44:45.720,1.34422,1.34471,1.29,1.50
2011.01.21 03:44:45.831,1.3442,1.34471,2.04,1.50
2011.01.21 03:44:49.359,1.34419,1.34468,1.50,1.50
2011.01.21 03:44:50.458,1.34422,1.34471,1.50,1.50
2011.01.21 03:44:58.468,1.34422,1.34473,1.50,1.88
2011.01.21 03:45:00.279,1.34422,1.34474,1.50,2.25
2011.01.21 03:45:02.245,1.34424,1.34474,1.50,2.25
2011.01.21 03:45:02.889,1.3442,1.34474,2.79,1.88
2011.01.21 03:45:03.569,1.3442,1.34474,1.50,2.63
2011.01.21 03:45:04.099,1.3442,1.3446,1.50,1.50
2011.01.21 03:45:04.697,1.34414,1.34461,1.50,1.50
2011.01.21 03:45:05.819,1.34414,1.34457,1.50,1.50
2011.01.21 03:45:06.345,1.34412,1.34457,2.04,1.50
2011.01.21 03:45:12.787,1.34412,1.3446,3.54,2.40
2011.01.21 03:45:12.907,1.34413,1.3446,2.04,1.88
2011.01.21 03:45:13.460,1.34414,1.3446,1.50,1.88
2011.01.21 03:45:13.570,1.34414,1.34457,1.50,1.50
2011.01.21 03:45:14.160,1.34411,1.34457,1.29,1.50
2011.01.21 03:45:17.135,1.34412,1.34459,2.04,2.33
2011.01.21 03:45:17.471,1.34412,1.34456,2.04,1.50
2011.01.21 03:45:18.043,1.3441,1.34456,1.29,1.50
2011.01.21 03:45:18.419,1.34409,1.34456,2.04,1.50
2011.01.21 03:45:19.661,1.34409,1.34456,2.04,1.88
2011.01.21 03:45:20.636,1.34409,1.34456,2.04,1.50
2011.01.21 03:45:20.865,1.34409,1.34456,2.64,1.50
2011.01.21 03:45:21.201,1.34439,1.34486,1.50,1.50
2011.01.21 03:45:21.672,1.34441,1.34488,1.50,2.63
2011.01.21 03:45:21.785,1.34438,1.34488,1.50,1.88
2011.01.21 03:45:21.900,1.34442,1.34488,1.50,1.88
2011.01.21 03:45:26.007,1.34442,1.34488,1.50,1.50
2011.01.21 03:45:27.940,1.34438,1.34488,1.50,1.50
2011.01.21 03:45:28.050,1.3444,1.34488,1.50,1.50
2011.01.21 03:45:28.759,1.34442,1.34488,1.50,1.50
2011.01.21 03:45:32.280,1.34441,1.34488,1.50,1.50
2011.01.21 03:45:37.412,1.34441,1.34482,1.50,1.50
2011.01.21 03:45:37.640,1.34435,1.34482,2.79,1.50
2011.01.21 03:45:37.765,1.34435,1.34482,1.50,1.50
2011.01.21 03:45:39.542,1.34438,1.34482,1.50,1.50
2011.01.21 03:45:39.770,1.34438,1.34488,3.00,2.25
2011.01.21 03:45:39.882,1.34441,1.34488,1.50,2.25
2011.01.21 03:45:40.108,1.34443,1.34493,1.50,2.25
2011.01.21 03:45:40.687,1.34445,1.34491,1.50,1.20
2011.01.21 03:45:40.803,1.34438,1.34488,3.00,1.50
2011.01.21 03:45:50.899,1.34444,1.34491,1.50,1.20
2011.01.21 03:45:52.883,1.34444,1.34492,1.50,1.50
2011.01.21 03:45:53.006,1.34448,1.34498,1.50,3.75
2011.01.21 03:45:54.163,1.34448,1.34497,1.50,1.50
2011.01.21 03:45:55.689,1.34448,1.34497,1.88,1.50
2011.01.21 03:45:56.197,1.34459,1.34503,1.50,1.50
2011.01.21 03:45:56.530,1.34459,1.34507,1.50,3.75
2011.01.21 03:46:02.489,1.34459,1.34504,1.50,2.33
2011.01.21 03:46:02.599,1.34452,1.34503,1.50,1.95
