2012.09.19 22:00:00.403,1.27174,1.27186,0.15,0.75
2012.09.19 22:00:01.577,1.27173,1.27186,0.15,0.75
2012.09.19 22:00:02.162,1.27173,1.27193,0.15,0.75
2012.09.19 22:00:02.699,1.27173,1.27192,0.15,0.75
2012.09.19 22:00:14.442,1.27174,1.27192,0.15,0.75
2012.09.19 22:00:17.303,1.27175,1.27192,0.75,0.75
2012.09.19 22:00:17.385,1.27176,1.27198,0.75,1.50
2012.09.19 22:00:19.059,1.27178,1.27198,0.75,0.75
2012.09.19 22:00:19.134,1.2718,1.27202,0.75,0.75
2012.09.19 22:00:20.632,1.2718,1.27201,0.75,0.75
2012.09.19 22:00:21.902,1.2718,1.27202,0.75,0.75
2012.09.19 22:00:22.375,1.2718,1.272,0.75,0.75
2012.09.19 22:00:23.038,1.2718,1.27201,0.75,0.75
2012.09.19 22:00:25.753,1.2718,1.27202,0.75,0.75
2012.09.19 22:00:30.318,1.27185,1.27204,0.75,0.75
2012.09.19 22:00:33.259,1.27181,1.272,0.75,0.75
2012.09.19 22:00:36.327,1.27179,1.27203,0.75,0.75
2012.09.19 22:00:36.404,1.27179,1.27205,0.75,2.00
2012.09.19 22:00:37.036,1.27179,1.27204,0.75,0.75
2012.09.19 22:00:38.165,1.27179,1.27205,0.75,2.00
2012.09.19 22:00:44.388,1.27179,1.27204,0.75,0.75
2012.09.19 22:00:44.535,1.27179,1.27201,0.75,0.38
2012.09.19 22:00:45.252,1.27181,1.27201,0.75,0.38
2012.09.19 22:00:45.406,1.27174,1.272,0.90,0.75
2012.09.19 22:00:47.689,1.27175,1.272,0.75,0.75
2012.09.19 22:00:47.844,1.27178,1.27201,0.75,0.38
2012.09.19 22:00:53.876,1.27178,1.272,0.75,0.38
2012.09.19 22:00:54.232,1.2718,1.272,0.75,0.38
2012.09.19 22:01:15.602,1.2718,1.27201,0.75,0.38
2012.09.19 22:01:17.757,1.2718,1.27205,0.75,1.00
2012.09.19 22:01:21.204,1.27185,1.27205,0.75,1.00
2012.09.19 22:01:21.375,1.2718,1.27205,0.75,1.00
2012.09.19 22:01:21.564,1.2718,1.27203,0.75,0.75
2012.09.19 22:01:22.043,1.2718,1.27205,0.75,1.00
2012.09.19 22:01:29.264,1.27184,1.27205,0.75,1.00
2012.09.19 22:01:35.208,1.27181,1.27205,0.75,1.00
2012.09.19 22:01:54.298,1.27175,1.272,1.50,0.75
2012.09.19 22:02:14.312,1.27174,1.27199,0.15,0.75
2012.09.19 22:02:20.917,1.27173,1.27199,0.15,0.75
2012.09.19 22:02:22.173,1.27173,1.27198,0.15,0.75
2012.09.19 22:02:22.245,1.27173,1.27196,0.15,0.75
2012.09.19 22:02:33.868,1.27181,1.27196,0.75,0.75
2012.09.19 22:02:34.607,1.27181,1.272,0.75,0.75
2012.09.19 22:02:43.195,1.27181,1.27202,0.75,0.75
2012.09.19 22:02:43.335,1.27181,1.27205,0.75,2.00
2012.09.19 22:02:45.641,1.27193,1.27205,0.75,2.00
2012.09.19 22:02:46.290,1.27192,1.27205,0.75,1.00
2012.09.19 22:02:46.646,1.27189,1.27205,0.75,1.00
2012.09.19 22:02:46.727,1.27186,1.27205,0.75,2.00
2012.09.19 22:02:47.349,1.27185,1.27205,0.75,2.00
2012.09.19 22:02:50.164,1.27187,1.27205,0.75,2.00
2012.09.19 22:02:50.525,1.27187,1.27203,0.75,0.75
2012.09.19 22:02:50.678,1.27187,1.27205,0.75,2.00
2012.09.19 22:02:51.347,1.27185,1.27205,0.75,2.00
2012.09.19 22:02:56.370,1.27179,1.27205,0.75,3.00
2012.09.19 22:02:56.455,1.27177,1.27196,0.75,0.75
2012.09.19 22:02:56.536,1.27174,1.27196,0.15,0.75
2012.09.19 22:03:01.835,1.27173,1.27196,0.15,0.75
2012.09.19 22:03:04.688,1.27173,1.27191,0.15,0.75
2012.09.19 22:03:05.206,1.27174,1.27191,0.15,0.75
2012.09.19 22:03:05.884,1.27173,1.27191,0.15,0.75
2012.09.19 22:03:08.018,1.27174,1.27191,0.15,0.75
2012.09.19 22:03:24.663,1.27174,1.27193,0.15,0.75
2012.09.19 22:03:25.217,1.27174,1.27194,0.15,0.75
2012.09.19 22:03:31.984,1.27174,1.27187,0.15,0.75
2012.09.19 22:03:32.257,1.27174,1.2719,0.15,0.75
2012.09.19 22:03:32.407,1.27174,1.27194,0.15,0.75
2012.09.19 22:03:32.485,1.27174,1.27196,0.15,0.75
2012.09.19 22:03:32.636,1.27174,1.27188,0.15,0.75
2012.09.19 22:03:33.052,1.27174,1.2719,0.15,0.75
2012.09.19 22:03:33.193,1.27174,1.27195,0.15,0.75
2012.09.19 22:03:34.723,1.27173,1.27195,0.15,0.75
2012.09.19 22:03:35.288,1.27174,1.27195,0.15,0.75
2012.09.19 22:03:35.646,1.27174,1.2719,0.15,0.75
2012.09.19 22:03:36.103,1.27174,1.27184,0.15,0.75
2012.09.19 22:03:36.920,1.27174,1.27182,0.15,0.75
2012.09.19 22:03:37.014,1.27155,1.27178,0.75,0.75
2012.09.19 22:03:38.686,1.27155,1.27179,1.50,0.75
2012.09.19 22:03:38.767,1.27155,1.27181,1.50,0.75
2012.09.19 22:03:48.346,1.27155,1.27179,0.75,0.75
2012.09.19 22:03:48.700,1.27153,1.27177,1.88,0.75
2012.09.19 22:03:54.334,1.27154,1.27177,1.88,0.75
2012.09.19 22:03:54.765,1.27159,1.27177,0.75,0.75
2012.09.19 22:03:55.044,1.27157,1.27177,0.75,0.75
2012.09.19 22:04:05.194,1.27157,1.27179,1.13,1.50
2012.09.19 22:04:05.555,1.27162,1.27189,2.25,1.50
2012.09.19 22:04:13.025,1.27165,1.27191,1.13,1.50
2012.09.19 22:04:13.105,1.27165,1.27192,1.88,1.50
2012.09.19 22:04:15.207,1.27165,1.2719,1.13,1.50
2012.09.19 22:04:15.670,1.27168,1.2719,1.13,1.50
2012.09.19 22:04:15.762,1.27168,1.27193,1.13,1.50
2012.09.19 22:04:15.920,1.27168,1.27193,1.13,1.50
2012.09.19 22:04:16.646,1.27171,1.27196,1.50,1.95
2012.09.19 22:04:18.404,1.27172,1.27199,1.50,1.28
2012.09.19 22:04:21.893,1.27172,1.27199,1.50,1.28
2012.09.19 22:04:22.112,1.27172,1.27199,1.50,1.28
2012.09.19 22:04:23.080,1.27172,1.27199,1.50,1.28
2012.09.19 22:04:23.630,1.27172,1.27199,1.50,1.28
2012.09.19 22:04:25.280,1.27172,1.27199,1.50,1.28
2012.09.19 22:04:26.183,1.27179,1.272,1.13,1.28
2012.09.19 22:04:26.478,1.27187,1.27205,1.50,1.00
2012.09.19 22:04:26.569,1.27191,1.27205,1.50,1.00
2012.09.19 22:04:26.645,1.27191,1.27205,1.50,1.00
2012.09.19 22:04:26.725,1.27191,1.27205,1.50,1.75
2012.09.19 22:04:26.874,1.27191,1.27205,1.50,1.00
2012.09.19 22:04:26.955,1.27189,1.27205,1.50,1.00
2012.09.19 22:04:27.103,1.27189,1.27205,1.50,1.75
2012.09.19 22:04:27.466,1.272,1.27205,1.50,2.00
2012.09.19 22:04:27.543,1.27188,1.27205,1.50,2.00
2012.09.19 22:04:27.624,1.27186,1.27205,1.50,1.75
2012.09.19 22:04:27.982,1.27186,1.27204,1.50,1.50
2012.09.19 22:04:30.544,1.27181,1.27201,1.50,1.20
2012.09.19 22:04:34.012,1.27178,1.27202,1.50,1.20
2012.09.19 22:04:36.701,1.27178,1.27202,1.50,1.20
2012.09.19 22:04:43.447,1.27182,1.27201,1.50,1.20
2012.09.19 22:04:48.434,1.27185,1.27202,1.50,1.20
2012.09.19 22:04:49.172,1.27188,1.27202,1.50,1.20
2012.09.19 22:04:49.443,1.27188,1.27202,1.50,1.20
2012.09.19 22:04:53.558,1.27188,1.27201,1.50,1.20
2012.09.19 22:04:53.706,1.27191,1.27205,1.50,1.75
2012.09.19 22:04:54.046,1.27193,1.27205,1.50,1.75
2012.09.19 22:04:56.656,1.27193,1.27205,1.50,2.45
2012.09.19 22:04:56.875,1.27193,1.27205,1.50,1.75
2012.09.19 22:04:57.092,1.27193,1.27205,1.50,1.75
2012.09.19 22:04:57.313,1.27189,1.27205,1.50,1.75
2012.09.19 22:04:58.862,1.2719,1.27205,1.50,1.75
2012.09.19 22:05:00.878,1.2719,1.27205,1.50,1.00
2012.09.19 22:05:01.647,1.27181,1.27205,1.50,1.00
2012.09.19 22:05:01.934,1.27181,1.27205,1.50,2.75
2012.09.19 22:05:02.478,1.27174,1.27205,1.50,2.75
2012.09.19 22:05:03.036,1.27174,1.27205,1.50,2.75
2012.09.19 22:05:03.676,1.27174,1.27204,1.50,1.50
2012.09.19 22:05:07.290,1.27174,1.27205,1.50,2.75
2012.09.19 22:05:10.678,1.2718,1.27205,1.50,1.00
2012.09.19 22:05:16.037,1.27174,1.27205,1.50,2.75
2012.09.19 22:05:25.472,1.27174,1.27205,1.50,2.00
2012.09.19 22:05:29.806,1.27179,1.27205,1.50,1.75
2012.09.19 22:05:30.354,1.27179,1.27205,1.50,2.00
2012.09.19 22:05:30.892,1.27179,1.27205,1.50,1.75
2012.09.19 22:05:31.403,1.27179,1.27205,1.50,2.00
2012.09.19 22:05:36.703,1.27181,1.27205,1.50,1.00
2012.09.19 22:05:37.065,1.27184,1.27205,1.50,1.00
2012.09.19 22:05:41.628,1.27177,1.27205,2.25,2.00
2012.09.19 22:05:41.717,1.27181,1.27205,1.50,2.75
2012.09.19 22:05:42.145,1.27177,1.27205,1.50,2.75
2012.09.19 22:05:50.387,1.27177,1.27205,1.50,2.00
2012.09.19 22:05:50.548,1.27173,1.27202,2.25,1.50
2012.09.19 22:05:50.902,1.27169,1.27177,1.50,1.50
2012.09.19 22:05:50.986,1.27161,1.27177,1.50,1.50
2012.09.19 22:05:51.205,1.27165,1.27177,1.50,1.50
2012.09.19 22:05:51.286,1.27165,1.2719,1.50,1.50
2012.09.19 22:05:51.505,1.27162,1.27191,1.50,2.25
2012.09.19 22:05:51.784,1.27169,1.27198,1.50,1.50
2012.09.19 22:05:52.002,1.27169,1.27199,1.50,2.25
2012.09.19 22:05:57.441,1.27169,1.27198,1.50,1.50
2012.09.19 22:06:00.632,1.27169,1.27199,2.25,2.25
2012.09.19 22:06:02.242,1.27169,1.27198,2.25,1.50
2012.09.19 22:06:08.703,1.27169,1.27198,2.25,1.50
2012.09.19 22:06:10.484,1.27169,1.27197,1.50,1.50
2012.09.19 22:06:11.784,1.27168,1.27196,1.50,1.50
2012.09.19 22:06:14.811,1.27168,1.27196,1.50,1.50
2012.09.19 22:06:15.836,1.2717,1.27199,2.25,1.50
2012.09.19 22:06:15.916,1.2717,1.27199,2.25,1.50
2012.09.19 22:06:15.994,1.27171,1.27199,1.50,1.50
2012.09.19 22:06:16.143,1.27171,1.27199,1.50,1.50
2012.09.19 22:06:16.435,1.27171,1.27199,1.50,1.50
2012.09.19 22:06:18.741,1.27171,1.27199,1.50,1.50
2012.09.19 22:06:19.912,1.27171,1.27199,1.50,1.50
2012.09.19 22:06:20.617,1.27171,1.27199,1.50,1.50
2012.09.19 22:06:21.234,1.27171,1.27199,1.50,1.50
2012.09.19 22:06:34.456,1.27174,1.27202,1.50,1.50
2012.09.19 22:06:35.275,1.27175,1.27202,1.50,1.50
2012.09.19 22:06:35.564,1.27175,1.27202,1.50,1.50
2012.09.19 22:06:36.877,1.27175,1.27202,1.50,1.50
2012.09.19 22:06:39.866,1.27175,1.27203,1.50,1.50
2012.09.19 22:06:39.945,1.27175,1.27203,1.50,1.50
2012.09.19 22:06:40.597,1.27175,1.27202,1.50,1.50
2012.09.19 22:06:41.023,1.27175,1.27202,1.50,1.50
2012.09.19 22:06:41.541,1.27175,1.27203,1.50,1.50
2012.09.19 22:06:42.238,1.27175,1.27203,1.50,1.50
2012.09.19 22:06:50.505,1.27177,1.27204,1.50,1.50
2012.09.19 22:06:50.590,1.27178,1.27205,1.50,1.75
2012.09.19 22:06:51.286,1.27177,1.27204,1.50,2.25
2012.09.19 22:06:55.854,1.27181,1.27205,1.50,1.00
2012.09.19 22:07:00.964,1.27179,1.27205,1.50,1.75
2012.09.19 22:07:01.114,1.27178,1.27205,1.50,1.75
2012.09.19 22:07:15.125,1.27179,1.27205,1.50,1.75
2012.09.19 22:07:16.455,1.27179,1.27205,1.50,1.75
2012.09.19 22:07:17.085,1.27179,1.27205,1.50,1.75
2012.09.19 22:07:19.508,1.27178,1.27205,1.50,1.75
2012.09.19 22:07:20.025,1.27176,1.27201,1.50,1.50
2012.09.19 22:07:20.711,1.27176,1.27201,1.50,1.50
2012.09.19 22:07:21.584,1.27176,1.27201,1.50,1.50
2012.09.19 22:07:21.665,1.27176,1.27205,2.25,2.75
2012.09.19 22:07:50.023,1.27176,1.27205,2.25,2.75
2012.09.19 22:08:18.623,1.27179,1.27205,1.50,1.00
2012.09.19 22:08:40.117,1.27177,1.27205,1.50,3.75
2012.09.19 22:08:40.686,1.27177,1.27204,1.50,1.50
2012.09.19 22:08:49.566,1.27174,1.272,1.50,1.50
2012.09.19 22:08:49.645,1.27172,1.272,2.25,1.50
2012.09.19 22:08:53.609,1.27174,1.272,1.50,1.50
2012.09.19 22:08:54.239,1.27177,1.27204,1.50,1.50
2012.09.19 22:08:54.584,1.27177,1.27204,1.50,1.50
2012.09.19 22:09:09.926,1.27172,1.272,2.25,1.50
2012.09.19 22:09:29.479,1.27173,1.27203,1.50,1.50
2012.09.19 22:09:33.348,1.27173,1.27201,1.50,1.50
2012.09.19 22:09:33.425,1.27172,1.272,2.25,1.50
2012.09.19 22:09:53.749,1.27172,1.27197,1.50,1.50
2012.09.19 22:10:04.789,1.27172,1.27197,1.50,1.50
2012.09.19 22:10:13.614,1.27172,1.272,1.50,1.50
2012.09.19 22:10:35.146,1.27171,1.27198,1.50,1.50
2012.09.19 22:10:35.229,1.27171,1.27198,1.50,1.50
2012.09.19 22:10:35.455,1.27169,1.27198,2.25,1.50
2012.09.19 22:10:35.748,1.27169,1.27199,1.50,1.50
2012.09.19 22:10:36.394,1.27172,1.27199,1.50,1.50
2012.09.19 22:10:39.986,1.27174,1.27204,1.50,2.25
2012.09.19 22:10:40.078,1.27176,1.27204,1.50,1.50
2012.09.19 22:10:40.154,1.27178,1.27205,1.50,1.75
2012.09.19 22:10:42.756,1.27181,1.27205,1.50,1.75
2012.09.19 22:10:42.913,1.27185,1.27205,1.50,1.00
2012.09.19 22:10:43.347,1.2718,1.27205,1.50,1.00
2012.09.19 22:10:43.705,1.2718,1.27205,1.50,1.00
2012.09.19 22:10:47.499,1.27176,1.27204,1.50,1.50
2012.09.19 22:10:47.645,1.27175,1.27204,1.50,1.50
2012.09.19 22:10:49.145,1.27173,1.27199,1.50,1.50
2012.09.19 22:10:53.178,1.27173,1.27199,1.50,1.50
2012.09.19 22:10:53.329,1.27183,1.27205,1.50,1.00
2012.09.19 22:10:53.478,1.27176,1.27205,1.50,1.75
2012.09.19 22:10:54.046,1.27174,1.27205,2.25,1.75
2012.09.19 22:10:58.367,1.27174,1.27205,2.25,1.00
2012.09.19 22:10:58.988,1.27177,1.27205,1.50,1.75
2012.09.19 22:10:59.300,1.27179,1.27205,1.50,1.00
2012.09.19 22:10:59.387,1.27178,1.27205,1.50,1.00
2012.09.19 22:10:59.882,1.27179,1.27205,1.50,1.00
2012.09.19 22:11:00.192,1.27181,1.27205,1.13,1.00
2012.09.19 22:11:00.557,1.27178,1.27205,2.25,1.00
2012.09.19 22:11:00.640,1.27187,1.27205,1.50,1.00
2012.09.19 22:11:00.728,1.27183,1.27205,1.50,1.00
2012.09.19 22:11:04.183,1.27185,1.27205,1.50,1.00
2012.09.19 22:11:04.552,1.27191,1.27205,1.13,1.00
2012.09.19 22:11:04.915,1.27185,1.27205,1.50,1.00
2012.09.19 22:11:08.441,1.27181,1.27205,1.50,1.00
2012.09.19 22:11:18.465,1.27181,1.27205,1.50,1.00
2012.09.19 22:11:24.317,1.27188,1.27205,1.50,1.00
2012.09.19 22:11:33.924,1.27188,1.27205,1.50,1.00
2012.09.19 22:11:34.366,1.27185,1.27205,1.50,1.00
2012.09.19 22:11:38.693,1.27184,1.27205,1.50,1.00
2012.09.19 22:11:38.846,1.27179,1.27205,1.50,1.00
2012.09.19 22:11:42.050,1.27182,1.27205,1.50,1.00
2012.09.19 22:11:43.708,1.27188,1.27205,1.50,1.00
2012.09.19 22:11:44.054,1.27195,1.27205,1.50,1.00
2012.09.19 22:11:45.384,1.27195,1.27205,2.25,1.00
2012.09.19 22:11:50.624,1.27195,1.27205,1.50,1.00
2012.09.19 22:11:58.415,1.27195,1.27205,1.50,1.00
2012.09.19 22:11:59.060,1.27195,1.27205,1.50,1.00
2012.09.19 22:11:59.145,1.27193,1.27205,2.25,1.00
2012.09.19 22:12:03.815,1.27193,1.27205,1.50,1.00
2012.09.19 22:12:05.793,1.27194,1.27205,1.50,1.00
2012.09.19 22:12:14.693,1.27187,1.27205,1.50,1.00
2012.09.19 22:12:17.735,1.27184,1.27205,2.25,1.00
2012.09.19 22:12:24.195,1.27192,1.27205,1.13,1.00
2012.09.19 22:12:26.447,1.2719,1.27205,1.13,1.00
2012.09.19 22:12:26.671,1.2719,1.27205,1.88,1.00
2012.09.19 22:12:27.467,1.2719,1.27205,1.50,1.00
2012.09.19 22:12:28.677,1.27191,1.27205,1.50,1.00
2012.09.19 22:12:28.966,1.27191,1.27205,1.50,1.00
2012.09.19 22:12:29.476,1.2719,1.27205,1.50,1.00
2012.09.19 22:12:32.266,1.27194,1.27205,1.13,1.00
2012.09.19 22:12:36.628,1.2719,1.27205,1.50,1.00
2012.09.19 22:12:38.008,1.27192,1.27205,1.50,1.00
2012.09.19 22:12:38.792,1.27195,1.27205,1.88,1.00
2012.09.19 22:12:39.927,1.27196,1.27205,1.50,1.00
2012.09.19 22:12:40.285,1.27204,1.27205,1.50,1.00
2012.09.19 22:12:40.835,1.27204,1.27205,1.50,1.00
2012.09.19 22:12:42.064,1.27196,1.27205,1.50,1.00
2012.09.19 22:12:42.146,1.27194,1.27205,1.50,1.00
2012.09.19 22:12:45.935,1.27201,1.27205,1.50,1.00
2012.09.19 22:12:46.675,1.27193,1.27205,2.48,1.00
2012.09.19 22:12:46.759,1.27192,1.27205,1.73,1.00
2012.09.19 22:12:47.940,1.27191,1.27205,1.50,1.00
2012.09.19 22:12:48.935,1.27193,1.27205,1.50,1.00
2012.09.19 22:12:49.236,1.27199,1.27205,1.50,1.00
2012.09.19 22:12:49.458,1.27194,1.27205,1.50,1.00
2012.09.19 22:12:51.459,1.2719,1.27205,1.13,1.00
2012.09.19 22:12:56.199,1.27186,1.27205,1.50,1.00
2012.09.19 22:12:56.279,1.27184,1.27205,1.50,1.00
2012.09.19 22:12:58.019,1.27188,1.27205,1.50,1.00
2012.09.19 22:13:00.137,1.27186,1.27206,1.50,1.00
2012.09.19 22:13:00.458,1.27186,1.27202,1.50,1.00
2012.09.19 22:13:06.381,1.27186,1.27202,1.50,2.00
2012.09.19 22:13:09.688,1.27188,1.27202,2.25,2.00
2012.09.19 22:13:09.917,1.27188,1.27202,1.50,2.00
2012.09.19 22:13:10.068,1.27192,1.27202,1.50,2.00
2012.09.19 22:13:10.287,1.27194,1.27202,1.50,2.00
2012.09.19 22:13:10.588,1.27194,1.27202,1.50,2.00
2012.09.19 22:13:12.716,1.27186,1.27202,1.50,2.00
2012.09.19 22:13:14.320,1.27187,1.27202,2.25,2.00
2012.09.19 22:13:14.759,1.27189,1.27202,2.25,2.00
2012.09.19 22:13:27.739,1.27187,1.27202,1.50,2.00
2012.09.19 22:13:41.889,1.27187,1.27202,1.50,2.00
2012.09.19 22:13:55.477,1.27182,1.27202,1.50,2.00
2012.09.19 22:13:56.060,1.27184,1.27202,2.25,2.00
2012.09.19 22:13:56.568,1.27185,1.27202,1.50,2.00
2012.09.19 22:14:00.697,1.27183,1.27202,3.00,2.00
2012.09.19 22:14:18.348,1.27185,1.27202,1.50,2.00
2012.09.19 22:14:38.405,1.27185,1.27202,2.25,2.00
2012.09.19 22:14:43.215,1.27194,1.27202,1.50,2.00
2012.09.19 22:14:43.575,1.27195,1.27202,1.50,2.00
2012.09.19 22:15:25.676,1.27195,1.27202,1.50,2.00
2012.09.19 22:15:26.226,1.27193,1.27202,1.50,2.00
2012.09.19 22:16:00.696,1.27186,1.27202,1.50,2.00
2012.09.19 22:16:20.463,1.27186,1.27202,1.50,2.00
2012.09.19 22:16:21.904,1.27193,1.27202,1.50,2.00
2012.09.19 22:16:21.990,1.27185,1.27202,1.50,2.00
2012.09.19 22:16:23.274,1.27183,1.27202,1.50,2.00
2012.09.19 22:16:26.968,1.27182,1.27202,1.50,2.00
2012.09.19 22:16:28.202,1.27184,1.27202,1.50,2.00
2012.09.19 22:16:28.710,1.27182,1.27202,1.50,2.00
2012.09.19 22:16:36.539,1.27184,1.27202,1.50,2.00
2012.09.19 22:16:44.474,1.27184,1.27202,1.50,2.00
2012.09.19 22:16:48.279,1.27189,1.27202,1.50,2.00
2012.09.19 22:16:48.580,1.27185,1.27202,1.50,2.00
2012.09.19 22:16:51.374,1.27184,1.27202,1.50,2.00
2012.09.19 22:16:53.774,1.27184,1.27202,1.50,2.00
2012.09.19 22:17:14.295,1.27184,1.27202,2.25,2.00
2012.09.19 22:17:25.437,1.27192,1.27202,1.50,2.00
2012.09.19 22:18:00.027,1.27198,1.27202,1.50,2.00
2012.09.19 22:18:00.443,1.272,1.27202,1.50,2.00
2012.09.19 22:18:13.472,1.27197,1.27202,1.50,2.00
2012.09.19 22:18:24.256,1.272,1.27202,1.50,2.00
2012.09.19 22:18:24.405,1.27199,1.2721,1.50,0.25
2012.09.19 22:18:24.487,1.27193,1.2721,1.50,0.25
2012.09.19 22:18:24.704,1.27189,1.27202,1.50,1.00
2012.09.19 22:18:26.456,1.27193,1.27202,1.05,1.00
2012.09.19 22:18:28.387,1.27193,1.27202,1.20,1.00
2012.09.19 22:18:30.973,1.27193,1.27202,1.65,1.00
2012.09.19 22:18:34.383,1.27195,1.27202,1.35,1.00
2012.09.19 22:18:44.724,1.27193,1.27202,2.25,1.00
2012.09.19 22:19:04.773,1.27192,1.27202,1.50,1.00
2012.09.19 22:19:24.764,1.27191,1.27202,1.50,1.00
2012.09.19 22:19:30.735,1.27192,1.27202,1.50,1.00
2012.09.19 22:19:31.107,1.27195,1.27202,1.50,1.00
2012.09.19 22:19:50.825,1.27198,1.27202,1.50,1.00
2012.09.19 22:19:59.796,1.27196,1.27202,2.25,1.00
2012.09.19 22:19:59.881,1.27196,1.27202,1.50,1.00
2012.09.19 22:20:00.556,1.27188,1.27202,1.50,1.00
2012.09.19 22:20:00.639,1.2719,1.27202,1.50,1.00
2012.09.19 22:20:01.162,1.27196,1.27202,1.50,1.00
2012.09.19 22:20:01.506,1.27197,1.27202,1.50,1.00
2012.09.19 22:20:02.116,1.27196,1.27202,1.50,1.00
2012.09.19 22:20:02.750,1.27195,1.27202,1.50,1.00
2012.09.19 22:20:21.254,1.27194,1.27202,1.50,1.00
2012.09.19 22:20:22.046,1.2719,1.27202,1.50,1.00
2012.09.19 22:20:22.194,1.27189,1.27202,2.25,1.00
2012.09.19 22:20:26.148,1.27184,1.27202,2.25,1.00
2012.09.19 22:20:39.379,1.27184,1.2721,2.25,0.25
2012.09.19 22:20:39.712,1.27184,1.272,2.25,1.00
2012.09.19 22:21:00.886,1.27185,1.272,1.50,1.00
2012.09.19 22:21:10.027,1.27185,1.272,1.50,1.00
2012.09.19 22:21:10.528,1.27186,1.272,1.50,1.00
2012.09.19 22:21:10.676,1.27185,1.272,1.50,1.00
2012.09.19 22:21:16.257,1.27186,1.272,1.50,1.00
2012.09.19 22:21:16.615,1.27188,1.272,1.50,1.00
2012.09.19 22:21:16.837,1.27185,1.272,1.50,1.00
2012.09.19 22:21:21.348,1.27186,1.272,1.50,1.00
2012.09.19 22:21:21.869,1.27188,1.272,1.50,1.00
2012.09.19 22:21:27.716,1.27186,1.272,1.50,1.00
2012.09.19 22:21:27.795,1.27184,1.272,2.25,1.00
2012.09.19 22:21:47.603,1.27186,1.272,1.50,1.00
2012.09.19 22:22:07.744,1.27188,1.272,1.50,1.00
2012.09.19 22:22:21.346,1.27184,1.272,2.25,1.00
2012.09.19 22:22:28.215,1.2718,1.272,2.25,1.00
2012.09.19 22:22:31.635,1.2718,1.272,2.25,1.00
2012.09.19 22:22:51.554,1.27183,1.272,1.50,1.00
2012.09.19 22:23:51.582,1.27174,1.272,1.50,1.00
2012.09.19 22:23:51.853,1.2718,1.272,1.50,1.00
2012.09.19 22:24:03.159,1.27184,1.272,1.50,1.00
2012.09.19 22:24:03.798,1.27186,1.272,1.50,1.00
2012.09.19 22:24:04.307,1.27186,1.272,1.50,1.00
2012.09.19 22:24:04.666,1.27188,1.272,2.25,1.00
2012.09.19 22:24:10.718,1.27188,1.272,1.50,1.00
2012.09.19 22:25:02.139,1.27178,1.272,1.50,1.75
2012.09.19 22:25:02.526,1.27175,1.272,1.50,1.75
2012.09.19 22:25:02.611,1.27175,1.272,1.50,1.75
2012.09.19 22:25:02.956,1.27176,1.272,1.50,1.00
2012.09.19 22:25:04.316,1.27174,1.272,1.50,2.00
2012.09.19 22:25:20.660,1.27175,1.272,2.25,1.00
2012.09.19 22:25:40.597,1.27175,1.272,2.25,1.00
2012.09.19 22:25:43.158,1.27175,1.272,1.50,1.75
2012.09.19 22:25:43.726,1.27172,1.27198,1.50,1.50
2012.09.19 22:26:03.856,1.27172,1.27198,1.50,1.50
2012.09.19 22:26:43.294,1.27169,1.27196,1.50,1.50
2012.09.19 22:27:10.759,1.27168,1.27193,1.50,1.50
2012.09.19 22:27:11.077,1.27164,1.27188,1.50,1.50
2012.09.19 22:27:20.501,1.27164,1.27188,1.50,1.50
2012.09.19 22:27:30.575,1.27162,1.27188,1.50,1.50
2012.09.19 22:27:42.778,1.27162,1.27188,1.50,1.50
2012.09.19 22:27:43.269,1.27162,1.27188,1.50,1.50
2012.09.19 22:27:50.855,1.27162,1.2719,2.25,1.50
2012.09.19 22:27:52.271,1.2716,1.27186,1.20,1.50
2012.09.19 22:27:52.497,1.27162,1.27189,2.25,1.50
2012.09.19 22:27:54.965,1.27162,1.27189,1.50,1.50
2012.09.19 22:27:55.557,1.27162,1.27189,1.50,1.50
2012.09.19 22:28:05.739,1.27165,1.27194,1.50,1.50
2012.09.19 22:28:05.958,1.2716,1.27189,1.50,1.50
2012.09.19 22:28:06.716,1.2716,1.27189,1.50,1.50
2012.09.19 22:28:08.267,1.27162,1.27189,1.50,1.50
2012.09.19 22:28:08.351,1.27163,1.27192,1.50,1.50
2012.09.19 22:28:08.507,1.27164,1.27189,1.50,1.50
2012.09.19 22:28:09.042,1.2716,1.27188,2.03,1.50
2012.09.19 22:28:09.266,1.2716,1.27188,1.50,1.50
2012.09.19 22:28:10.255,1.27163,1.2719,2.25,1.50
2012.09.19 22:28:10.686,1.27164,1.27192,1.50,1.50
2012.09.19 22:28:12.937,1.27164,1.2719,1.50,1.50
2012.09.19 22:28:13.018,1.27159,1.27186,1.50,1.50
2012.09.19 22:28:14.356,1.27162,1.2719,2.25,1.50
2012.09.19 22:28:14.436,1.27162,1.27189,1.50,1.50
2012.09.19 22:28:14.796,1.27159,1.27186,1.50,1.50
2012.09.19 22:28:30.607,1.27159,1.27186,1.50,1.50
2012.09.19 22:28:45.127,1.27159,1.27186,1.50,1.50
2012.09.19 22:29:03.774,1.27159,1.27186,1.50,1.50
2012.09.19 22:29:06.616,1.27158,1.27186,1.50,1.50
2012.09.19 22:29:14.632,1.27155,1.27192,1.50,1.50
2012.09.19 22:29:14.896,1.27158,1.27188,1.50,1.50
2012.09.19 22:29:17.387,1.27158,1.27186,1.50,1.50
2012.09.19 22:29:17.747,1.27154,1.27181,1.50,1.50
2012.09.19 22:29:18.237,1.27158,1.27186,1.50,2.25
2012.09.19 22:29:18.597,1.27159,1.27186,1.50,1.50
2012.09.19 22:29:18.677,1.27157,1.27186,1.50,1.50
2012.09.19 22:29:24.465,1.27159,1.27184,1.50,1.50
2012.09.19 22:29:25.024,1.27159,1.27187,1.50,1.50
2012.09.19 22:29:42.019,1.27159,1.27187,2.25,1.50
2012.09.19 22:29:42.937,1.2716,1.27187,1.50,1.50
2012.09.19 22:29:43.797,1.27159,1.27187,2.25,1.50
2012.09.19 22:29:44.526,1.2716,1.2719,2.25,1.50
2012.09.19 22:29:44.670,1.2716,1.2719,2.25,1.50
2012.09.19 22:29:44.816,1.27164,1.27194,1.50,2.25
2012.09.19 22:29:44.904,1.27162,1.27192,1.50,1.50
2012.09.19 22:29:44.987,1.2716,1.27192,2.25,2.25
2012.09.19 22:29:45.067,1.2716,1.2719,2.25,1.50
2012.09.19 22:29:48.439,1.2716,1.2719,1.50,1.50
2012.09.19 22:29:48.726,1.2716,1.2719,1.50,1.50
2012.09.19 22:29:50.517,1.27161,1.2719,1.50,1.50
2012.09.19 22:29:50.879,1.27159,1.27185,1.50,1.50
2012.09.19 22:29:51.096,1.27157,1.27185,2.25,1.50
2012.09.19 22:30:01.586,1.27157,1.27185,1.50,1.50
2012.09.19 22:30:02.155,1.27157,1.27185,1.50,1.50
2012.09.19 22:30:02.933,1.27157,1.27185,1.50,1.50
2012.09.19 22:30:16.697,1.27154,1.27185,3.00,1.50
2012.09.19 22:30:30.745,1.27155,1.27184,1.50,1.50
2012.09.19 22:30:35.696,1.27154,1.27184,1.50,2.25
2012.09.19 22:30:54.269,1.27153,1.2718,1.50,1.50
2012.09.19 22:30:55.676,1.27154,1.27181,1.50,1.50
2012.09.19 22:31:05.852,1.27154,1.27181,1.50,1.50
2012.09.19 22:31:06.485,1.27154,1.27181,1.50,1.50
2012.09.19 22:31:15.796,1.27156,1.27181,1.50,1.50
2012.09.19 22:31:35.823,1.27158,1.27185,1.50,1.50
2012.09.19 22:31:41.628,1.2716,1.27189,1.50,1.50
2012.09.19 22:31:49.766,1.27165,1.27192,1.50,1.50
2012.09.19 22:31:53.156,1.27159,1.27188,2.25,1.50
2012.09.19 22:32:31.500,1.2716,1.27188,1.50,1.50
2012.09.19 22:32:43.717,1.2716,1.27188,1.50,1.50
2012.09.19 22:32:43.872,1.27165,1.27192,1.50,1.50
2012.09.19 22:32:54.388,1.27167,1.27194,1.50,1.50
2012.09.19 22:32:54.609,1.27171,1.27196,1.50,1.50
2012.09.19 22:32:59.406,1.27171,1.27196,1.50,1.50
2012.09.19 22:33:09.136,1.27171,1.27196,1.50,1.50
2012.09.19 22:33:09.637,1.27171,1.27196,1.50,1.50
2012.09.19 22:33:26.120,1.27172,1.27197,1.50,1.50
2012.09.19 22:33:35.720,1.27178,1.272,1.50,1.75
2012.09.19 22:33:35.939,1.27178,1.272,1.50,1.75
2012.09.19 22:33:36.299,1.27178,1.272,1.50,1.75
2012.09.19 22:33:36.658,1.27178,1.272,2.25,1.75
2012.09.19 22:33:39.588,1.27179,1.272,1.50,1.75
2012.09.19 22:33:40.183,1.27179,1.272,1.50,1.00
2012.09.19 22:33:40.917,1.27179,1.272,1.50,1.00
2012.09.19 22:33:55.747,1.27179,1.272,1.50,1.00
2012.09.19 22:34:24.426,1.27178,1.272,1.50,1.75
2012.09.19 22:34:33.555,1.27173,1.272,1.50,2.75
2012.09.19 22:34:54.741,1.27174,1.272,1.50,2.00
2012.09.19 22:35:03.396,1.27174,1.272,1.50,1.75
2012.09.19 22:35:04.080,1.27177,1.272,1.50,1.75
2012.09.19 22:35:04.744,1.27177,1.272,1.50,1.00
2012.09.19 22:35:05.106,1.27183,1.272,1.50,1.00
2012.09.19 22:35:36.150,1.27187,1.272,1.50,1.00
2012.09.19 22:35:38.758,1.27184,1.272,1.50,1.00
2012.09.19 22:35:39.967,1.27184,1.272,1.50,1.00
2012.09.19 22:35:41.871,1.27179,1.272,1.50,1.00
2012.09.19 22:35:42.764,1.27174,1.272,1.50,1.00
2012.09.19 22:35:48.490,1.27169,1.27198,2.25,1.50
2012.09.19 22:36:03.599,1.27172,1.272,1.50,1.75
2012.09.19 22:36:11.160,1.27171,1.272,1.50,2.75
2012.09.19 22:36:11.869,1.27171,1.272,1.50,2.75
2012.09.19 22:36:12.499,1.27171,1.272,1.50,2.75
2012.09.19 22:36:12.944,1.27171,1.272,1.50,3.75
2012.09.19 22:36:15.888,1.27176,1.272,1.50,2.00
2012.09.19 22:36:16.389,1.27176,1.272,1.50,1.00
2012.09.19 22:36:16.471,1.27174,1.272,3.00,1.00
2012.09.19 22:36:16.702,1.27174,1.272,1.50,1.75
2012.09.19 22:36:19.427,1.27171,1.27199,1.50,1.50
2012.09.19 22:36:37.014,1.27174,1.272,1.50,1.75
2012.09.19 22:37:16.856,1.2717,1.27199,1.50,2.25
2012.09.19 22:37:20.314,1.27173,1.272,1.50,1.00
2012.09.19 22:37:39.975,1.27174,1.272,2.25,1.00
2012.09.19 22:37:41.096,1.27176,1.272,1.50,1.00
2012.09.19 22:37:41.436,1.27179,1.272,1.50,1.00
2012.09.19 22:38:01.411,1.27178,1.272,1.50,1.00
2012.09.19 22:38:31.019,1.27183,1.272,1.50,1.00
2012.09.19 22:38:41.680,1.27178,1.272,1.50,1.00
2012.09.19 22:38:43.389,1.27178,1.272,1.50,1.00
2012.09.19 22:38:50.607,1.27179,1.272,1.50,1.00
2012.09.19 22:38:50.690,1.2718,1.272,1.50,1.00
2012.09.19 22:38:53.047,1.27184,1.272,1.50,1.00
2012.09.19 22:39:14.265,1.27179,1.272,1.50,1.00
2012.09.19 22:39:14.523,1.27182,1.272,1.50,1.00
2012.09.19 22:39:29.236,1.27183,1.272,1.50,1.00
2012.09.19 22:39:32.036,1.27188,1.272,1.50,1.00
2012.09.19 22:39:37.041,1.27189,1.272,1.50,1.00
2012.09.19 22:39:50.260,1.27196,1.272,1.50,1.00
2012.09.19 22:40:10.617,1.27195,1.272,1.50,1.00
2012.09.19 22:40:30.346,1.27195,1.272,1.50,1.00
2012.09.19 22:40:50.500,1.27196,1.272,1.50,1.00
2012.09.19 22:40:58.519,1.27194,1.272,1.50,1.00
2012.09.19 22:41:03.270,1.27189,1.272,1.50,1.00
2012.09.19 22:41:03.889,1.27184,1.272,1.50,1.00
2012.09.19 22:41:08.970,1.27184,1.272,1.50,1.00
2012.09.19 22:41:09.329,1.27191,1.272,1.50,1.00
2012.09.19 22:41:09.687,1.27197,1.272,1.50,1.00
2012.09.19 22:41:13.169,1.27193,1.272,1.50,1.00
2012.09.19 22:41:13.622,1.2719,1.272,1.50,1.00
2012.09.19 22:41:16.291,1.2719,1.272,1.50,1.00
2012.09.19 22:41:16.581,1.27188,1.272,2.25,1.00
2012.09.19 22:41:17.968,1.27191,1.272,1.50,1.00
2012.09.19 22:41:18.050,1.27195,1.272,1.50,1.00
2012.09.19 22:41:22.340,1.27197,1.272,1.50,1.00
2012.09.19 22:41:22.698,1.27197,1.272,1.50,1.00
2012.09.19 22:42:02.476,1.27197,1.272,1.50,1.00
2012.09.19 22:42:06.921,1.27194,1.272,1.50,1.00
2012.09.19 22:42:10.264,1.27194,1.272,1.50,1.00
2012.09.19 22:42:10.630,1.27197,1.272,2.25,1.00
2012.09.19 22:42:16.050,1.2719,1.272,2.25,1.00
2012.09.19 22:42:32.913,1.27196,1.272,2.25,1.00
2012.09.19 22:42:34.013,1.27191,1.272,1.50,1.00
2012.09.19 22:42:34.101,1.27189,1.272,1.50,1.00
2012.09.19 22:42:34.578,1.2719,1.272,1.50,1.00
2012.09.19 22:42:40.059,1.27187,1.272,1.50,1.00
2012.09.19 22:42:40.280,1.27192,1.272,1.50,1.00
2012.09.19 22:42:54.093,1.27193,1.272,1.50,1.00
2012.09.19 22:42:54.620,1.27193,1.272,1.50,1.00
2012.09.19 22:42:54.703,1.27192,1.272,1.50,1.00
2012.09.19 22:42:55.004,1.27184,1.272,1.50,1.00
2012.09.19 22:43:08.985,1.2718,1.272,1.50,1.00
2012.09.19 22:43:09.389,1.27179,1.272,1.50,1.00
2012.09.19 22:43:10.696,1.27177,1.272,1.50,1.00
2012.09.19 22:43:11.202,1.27177,1.272,1.50,1.00
2012.09.19 22:43:23.029,1.27177,1.272,1.50,1.00
2012.09.19 22:43:29.892,1.27177,1.272,1.50,1.00
2012.09.19 22:43:32.972,1.27177,1.272,1.50,1.00
2012.09.19 22:43:47.161,1.27177,1.272,1.50,1.00
2012.09.19 22:43:47.530,1.2718,1.272,2.25,1.00
2012.09.19 22:43:47.890,1.27182,1.272,1.50,1.00
2012.09.19 22:43:57.126,1.27182,1.272,1.50,1.00
2012.09.19 22:44:10.932,1.27179,1.27198,1.50,1.00
2012.09.19 22:44:11.242,1.27177,1.27198,3.00,1.00
2012.09.19 22:44:39.735,1.27183,1.27198,1.50,1.00
2012.09.19 22:44:40.102,1.27187,1.27198,1.50,1.00
2012.09.19 22:44:40.682,1.27187,1.27198,1.50,1.00
2012.09.19 22:44:41.909,1.27187,1.27198,1.50,1.00
2012.09.19 22:44:42.664,1.27187,1.27198,1.50,1.00
2012.09.19 22:44:42.962,1.27182,1.27198,1.50,1.00
2012.09.19 22:44:43.043,1.27178,1.27198,1.50,1.00
2012.09.19 22:44:43.261,1.27179,1.27198,3.00,1.00
2012.09.19 22:44:44.524,1.27182,1.27198,1.50,1.00
2012.09.19 22:44:44.822,1.27188,1.27198,1.50,1.00
2012.09.19 22:44:45.039,1.27186,1.27198,1.50,1.00
2012.09.19 22:45:00.551,1.27182,1.27198,1.50,1.00
2012.09.19 22:45:00.854,1.27175,1.27198,1.50,1.75
2012.09.19 22:45:00.945,1.27172,1.27198,2.85,1.75
2012.09.19 22:45:01.630,1.27175,1.27198,1.50,1.75
2012.09.19 22:45:02.140,1.27176,1.27198,1.50,1.00
2012.09.19 22:45:08.711,1.27177,1.27198,1.50,1.00
2012.09.19 22:45:14.393,1.27184,1.27198,1.50,1.00
2012.09.19 22:45:26.664,1.27178,1.27198,2.25,1.00
2012.09.19 22:45:27.175,1.2718,1.27198,1.50,1.00
2012.09.19 22:45:27.888,1.2718,1.27198,1.50,1.00
2012.09.19 22:45:35.660,1.2718,1.27198,1.50,1.00
2012.09.19 22:45:38.045,1.2718,1.27198,1.50,1.00
2012.09.19 22:45:41.360,1.2718,1.27198,2.25,1.00
2012.09.19 22:45:41.950,1.27183,1.27198,1.50,1.00
2012.09.19 22:45:56.959,1.27186,1.27198,1.50,1.00
2012.09.19 22:45:57.551,1.27191,1.27198,1.50,1.00
2012.09.19 22:46:06.200,1.27192,1.27198,1.50,1.00
2012.09.19 22:46:09.179,1.27195,1.27198,1.50,1.00
2012.09.19 22:46:11.209,1.27193,1.27198,2.25,1.00
2012.09.19 22:46:28.253,1.27196,1.27198,1.50,1.00
2012.09.19 22:46:31.181,1.27201,1.2721,1.50,0.25
2012.09.19 22:46:31.328,1.27201,1.2721,1.50,0.25
2012.09.19 22:46:31.410,1.27197,1.2721,1.50,0.25
2012.09.19 22:46:31.629,1.27192,1.2721,1.50,0.25
2012.09.19 22:46:35.127,1.27192,1.2721,1.05,0.25
2012.09.19 22:46:35.720,1.27194,1.2721,1.05,0.25
2012.09.19 22:46:38.342,1.27196,1.2721,1.20,0.25
2012.09.19 22:46:55.049,1.27199,1.2721,1.50,0.25
2012.09.19 22:46:57.630,1.272,1.2721,2.25,0.25
2012.09.19 22:46:57.781,1.27201,1.2721,1.50,0.25
2012.09.19 22:47:15.000,1.27203,1.2721,1.50,0.25
2012.09.19 22:47:19.758,1.27202,1.2721,2.25,0.25
2012.09.19 22:47:27.798,1.27202,1.2721,1.50,0.25
2012.09.19 22:47:35.032,1.27203,1.2721,1.50,0.25
2012.09.19 22:47:35.594,1.27203,1.2721,1.50,0.25
2012.09.19 22:47:36.109,1.27203,1.2721,1.50,0.25
2012.09.19 22:47:36.473,1.27207,1.2721,1.50,0.25
2012.09.19 22:47:36.982,1.27205,1.2721,1.50,0.25
2012.09.19 22:47:41.258,1.27207,1.2721,2.25,0.25
2012.09.19 22:47:50.764,1.27208,1.2721,1.50,0.25
2012.09.19 22:47:51.274,1.27208,1.2721,2.25,0.25
2012.09.19 22:47:51.433,1.27206,1.27239,3.00,1.50
2012.09.19 22:47:56.054,1.27211,1.27235,1.50,1.50
2012.09.19 22:47:56.945,1.2721,1.27235,2.25,1.50
2012.09.19 22:48:02.647,1.2721,1.27235,1.50,1.50
2012.09.19 22:48:05.354,1.27206,1.27235,1.50,1.50
2012.09.19 22:48:05.719,1.27204,1.2723,2.25,1.50
2012.09.19 22:48:05.868,1.27204,1.2723,2.25,1.50
2012.09.19 22:48:06.370,1.27204,1.2723,2.25,1.50
2012.09.19 22:48:20.570,1.27206,1.2723,1.50,1.50
2012.09.19 22:48:21.099,1.27208,1.2723,1.50,1.50
2012.09.19 22:48:21.391,1.27208,1.27234,1.50,1.50
2012.09.19 22:48:21.469,1.27206,1.27234,1.95,1.50
2012.09.19 22:48:21.549,1.27206,1.27233,1.95,1.50
2012.09.19 22:48:21.911,1.27205,1.27231,1.50,1.50
2012.09.19 22:48:34.432,1.27207,1.2723,1.50,0.85
2012.09.19 22:48:34.943,1.27209,1.2723,2.25,0.10
2012.09.19 22:48:41.497,1.27209,1.2723,2.25,0.10
2012.09.19 22:48:53.081,1.27208,1.2723,2.25,0.10
2012.09.19 22:48:53.442,1.27209,1.2723,1.50,0.10
2012.09.19 22:48:53.668,1.27208,1.2723,2.25,0.10
2012.09.19 22:48:53.818,1.27209,1.2723,1.50,0.10
2012.09.19 22:48:59.388,1.27208,1.2723,1.50,0.10
2012.09.19 22:48:59.954,1.27207,1.2723,1.50,0.10
2012.09.19 22:49:00.780,1.27208,1.2723,1.50,0.10
2012.09.19 22:49:15.353,1.27204,1.2723,1.20,1.10
2012.09.19 22:49:15.669,1.27203,1.2723,1.50,1.10
2012.09.19 22:49:25.496,1.27203,1.2723,1.50,1.10
2012.09.19 22:49:26.108,1.27203,1.2723,2.25,1.10
2012.09.19 22:49:34.587,1.27203,1.2723,1.50,1.10
2012.09.19 22:49:35.088,1.27207,1.2723,1.50,0.10
2012.09.19 22:49:35.669,1.27207,1.2723,1.20,0.10
2012.09.19 22:49:35.877,1.27207,1.2723,1.50,0.10
2012.09.19 22:49:36.102,1.27206,1.2723,2.25,0.10
2012.09.19 22:49:36.318,1.27207,1.2723,1.50,0.10
2012.09.19 22:49:36.527,1.27206,1.2723,2.25,0.10
2012.09.19 22:49:41.052,1.27204,1.2723,1.50,1.85
2012.09.19 22:49:41.133,1.27202,1.2723,1.50,2.85
2012.09.19 22:49:42.238,1.27202,1.2723,1.50,2.85
2012.09.19 22:49:59.287,1.27201,1.27229,1.50,1.50
2012.09.19 22:50:00.449,1.27202,1.2723,1.50,2.85
2012.09.19 22:50:01.173,1.27204,1.2723,1.50,0.10
2012.09.19 22:50:03.205,1.27201,1.2723,2.25,0.85
2012.09.19 22:50:03.293,1.27201,1.27229,1.50,1.50
2012.09.19 22:50:03.379,1.27201,1.27229,2.25,1.50
2012.09.19 22:50:03.838,1.27205,1.2723,1.50,0.10
2012.09.19 22:50:04.941,1.27205,1.2723,1.50,0.10
2012.09.19 22:50:10.022,1.27203,1.2723,1.50,0.10
2012.09.19 22:50:10.111,1.27203,1.2723,1.50,0.85
2012.09.19 22:50:11.417,1.27203,1.2723,1.50,0.85
2012.09.19 22:50:12.079,1.27203,1.2723,1.50,0.85
2012.09.19 22:50:16.953,1.27202,1.2723,1.50,0.85
2012.09.19 22:50:17.044,1.27199,1.27227,1.50,1.50
2012.09.19 22:50:18.180,1.27199,1.27228,1.50,1.50
2012.09.19 22:50:18.265,1.27199,1.27228,1.50,1.50
2012.09.19 22:50:19.368,1.27203,1.2723,1.50,0.85
2012.09.19 22:50:19.769,1.27203,1.2723,1.50,0.85
2012.09.19 22:50:20.790,1.27203,1.2723,1.50,1.10
2012.09.19 22:50:20.871,1.27206,1.2723,2.25,1.10
2012.09.19 22:50:24.877,1.27208,1.2723,2.25,1.10
2012.09.19 22:50:29.479,1.27207,1.2723,1.50,0.85
2012.09.19 22:50:30.001,1.27205,1.2723,1.50,0.85
2012.09.19 22:50:34.439,1.27205,1.2723,1.50,0.85
2012.09.19 22:50:40.919,1.27205,1.2723,1.50,0.85
2012.09.19 22:50:42.086,1.27205,1.2723,1.50,0.85
2012.09.19 22:50:42.728,1.27205,1.2723,1.50,0.85
2012.09.19 22:50:44.172,1.27205,1.2723,1.50,1.10
2012.09.19 22:50:45.821,1.27205,1.2723,1.50,0.85
2012.09.19 22:50:46.318,1.27205,1.2723,1.50,0.85
2012.09.19 22:50:49.636,1.27202,1.2723,1.50,0.85
2012.09.19 22:50:53.071,1.27201,1.27226,1.50,1.50
2012.09.19 22:50:54.341,1.272,1.27226,1.50,1.50
2012.09.19 22:50:57.760,1.272,1.27226,1.50,1.50
2012.09.19 22:50:57.841,1.27199,1.27226,1.50,1.88
2012.09.19 22:50:57.940,1.27193,1.27222,1.50,2.25
2012.09.19 22:50:58.451,1.27193,1.27221,1.50,1.95
2012.09.19 22:50:58.739,1.27188,1.27217,2.25,1.50
2012.09.19 22:50:59.242,1.27188,1.27216,2.25,1.50
2012.09.19 22:51:01.600,1.27188,1.27217,1.50,1.50
2012.09.19 22:51:09.249,1.27188,1.27216,1.50,1.50
2012.09.19 22:51:09.789,1.27188,1.27215,1.50,1.50
2012.09.19 22:51:12.252,1.27188,1.27216,1.50,1.50
2012.09.19 22:51:13.096,1.27188,1.27216,1.50,1.50
2012.09.19 22:51:13.531,1.27188,1.27214,1.50,1.50
2012.09.19 22:51:16.871,1.27188,1.27215,1.50,1.50
2012.09.19 22:51:17.402,1.27188,1.27216,1.50,1.50
2012.09.19 22:51:17.949,1.27188,1.27217,1.50,2.25
2012.09.19 22:51:18.581,1.27188,1.27217,1.50,2.25
2012.09.19 22:51:21.527,1.27188,1.27217,1.50,2.25
2012.09.19 22:51:21.702,1.27188,1.27217,1.50,2.25
2012.09.19 22:51:22.268,1.27187,1.27212,1.50,1.50
2012.09.19 22:51:22.969,1.27182,1.2721,1.50,2.25
2012.09.19 22:51:26.019,1.27181,1.27208,1.50,1.50
2012.09.19 22:51:33.364,1.27181,1.27208,1.50,1.50
2012.09.19 22:51:39.123,1.27181,1.27208,1.50,1.50
2012.09.19 22:51:39.492,1.27176,1.27205,1.50,1.50
2012.09.19 22:51:43.520,1.27176,1.27205,1.50,1.50
2012.09.19 22:51:52.472,1.27181,1.27208,1.50,1.50
2012.09.19 22:51:55.582,1.27181,1.27208,1.50,2.25
2012.09.19 22:51:59.090,1.27181,1.27208,1.50,2.25
2012.09.19 22:52:01.411,1.27186,1.27208,1.50,1.50
2012.09.19 22:52:01.491,1.27186,1.27212,1.50,1.50
2012.09.19 22:52:01.749,1.27186,1.27212,1.50,1.50
2012.09.19 22:52:02.418,1.27186,1.27212,1.50,1.50
2012.09.19 22:52:02.779,1.2718,1.27208,1.50,1.50
2012.09.19 22:52:22.900,1.27181,1.27208,1.50,1.50
2012.09.19 22:52:33.239,1.27181,1.27208,1.50,1.50
2012.09.19 22:52:42.908,1.27179,1.27206,1.50,1.50
2012.09.19 22:52:53.762,1.27179,1.27206,2.25,1.50
2012.09.19 22:52:59.549,1.27179,1.27206,1.50,1.50
2012.09.19 22:53:03.030,1.27173,1.27198,1.50,1.50
2012.09.19 22:53:03.911,1.27173,1.27198,1.50,1.50
2012.09.19 22:53:04.458,1.27174,1.27198,1.50,1.50
2012.09.19 22:53:06.678,1.27174,1.27198,1.50,1.50
2012.09.19 22:53:06.832,1.2717,1.27193,1.28,1.50
2012.09.19 22:53:07.191,1.27172,1.27198,1.50,1.50
2012.09.19 22:53:23.405,1.2717,1.27198,1.50,1.50
2012.09.19 22:53:40.910,1.27171,1.27198,1.50,1.50
2012.09.19 22:53:41.724,1.27171,1.27196,1.50,1.50
2012.09.19 22:53:42.494,1.2717,1.27192,1.50,1.50
2012.09.19 22:53:50.099,1.27168,1.27187,2.24,1.50
2012.09.19 22:53:50.695,1.27168,1.27187,2.24,1.50
2012.09.19 22:53:51.237,1.27168,1.27187,2.24,1.50
2012.09.19 22:54:09.559,1.27167,1.27189,2.99,1.50
2012.09.19 22:54:09.637,1.27167,1.27191,2.99,1.50
2012.09.19 22:54:26.030,1.27168,1.27184,2.24,1.50
2012.09.19 22:54:26.564,1.27168,1.27184,1.49,1.50
2012.09.19 22:54:26.649,1.27168,1.27188,1.49,1.50
2012.09.19 22:54:46.709,1.27168,1.27188,1.49,1.50
2012.09.19 22:54:50.059,1.27168,1.27191,1.49,1.50
2012.09.19 22:54:50.141,1.27168,1.27193,1.49,1.50
2012.09.19 22:54:50.519,1.27168,1.27195,2.99,1.50
2012.09.19 22:54:51.164,1.27168,1.27198,2.99,1.50
2012.09.19 22:55:02.720,1.27168,1.27195,2.24,1.50
2012.09.19 22:55:02.800,1.27168,1.27194,2.24,1.50
2012.09.19 22:55:03.333,1.27168,1.27192,1.49,1.50
2012.09.19 22:55:03.868,1.27167,1.27192,2.24,1.50
2012.09.19 22:55:10.859,1.27168,1.27192,1.49,1.50
2012.09.19 22:55:17.150,1.27168,1.27192,1.49,1.50
2012.09.19 22:55:21.641,1.27167,1.2719,2.24,1.50
2012.09.19 22:55:21.934,1.27167,1.27187,1.49,1.50
2012.09.19 22:55:22.651,1.27168,1.27187,1.49,1.50
2012.09.19 22:55:27.519,1.27168,1.27193,1.49,1.50
2012.09.19 22:55:28.105,1.27167,1.27193,1.49,1.50
2012.09.19 22:55:44.224,1.27167,1.27197,2.24,1.50
2012.09.19 22:55:47.757,1.27169,1.27201,2.25,1.50
2012.09.19 22:55:59.551,1.27172,1.27201,1.50,1.50
2012.09.19 22:56:00.298,1.27177,1.27203,1.50,1.50
2012.09.19 22:56:07.462,1.27181,1.27206,1.50,1.50
2012.09.19 22:56:07.927,1.27181,1.27208,1.50,2.25
2012.09.19 22:56:14.513,1.27177,1.27205,2.25,1.50
2012.09.19 22:56:14.969,1.27177,1.27205,2.25,1.50
2012.09.19 22:56:17.842,1.27177,1.27205,2.25,1.50
2012.09.19 22:56:18.578,1.27177,1.27205,2.25,1.50
2012.09.19 22:56:19.638,1.27177,1.27205,2.25,1.50
2012.09.19 22:56:21.819,1.2718,1.27207,1.50,1.50
2012.09.19 22:56:21.901,1.2718,1.27208,1.50,1.50
2012.09.19 22:56:27.924,1.2718,1.27208,1.50,1.50
2012.09.19 22:56:28.433,1.2718,1.27208,1.50,1.50
2012.09.19 22:56:30.421,1.27179,1.27208,1.50,1.50
2012.09.19 22:56:30.780,1.2718,1.27208,1.50,1.50
2012.09.19 22:56:30.859,1.2718,1.27209,1.50,1.50
2012.09.19 22:56:31.543,1.27184,1.27212,1.50,2.25
2012.09.19 22:56:31.632,1.27184,1.27212,1.50,1.50
2012.09.19 22:56:32.008,1.27184,1.27212,1.50,1.50
2012.09.19 22:56:32.969,1.27183,1.27213,1.50,2.25
2012.09.19 22:56:35.894,1.27184,1.27213,1.50,2.25
2012.09.19 22:56:36.249,1.27183,1.27213,3.00,1.50
2012.09.19 22:56:40.709,1.27182,1.2721,1.50,1.50
2012.09.19 22:56:44.398,1.2718,1.2721,2.25,1.50
2012.09.19 22:56:49.868,1.2718,1.2721,2.25,1.50
2012.09.19 22:56:50.231,1.27183,1.27212,1.50,2.25
2012.09.19 22:56:51.191,1.27184,1.27212,1.50,2.25
2012.09.19 22:56:55.167,1.27184,1.27211,1.50,1.50
2012.09.19 22:56:55.253,1.27183,1.27211,1.50,2.25
2012.09.19 22:56:55.402,1.27179,1.27209,1.50,2.25
2012.09.19 22:56:55.629,1.27177,1.27206,2.25,1.50
2012.09.19 22:56:56.581,1.27177,1.27206,2.25,1.50
2012.09.19 22:56:56.665,1.2718,1.27207,1.50,1.50
2012.09.19 22:56:57.171,1.2718,1.27208,1.50,1.50
2012.09.19 22:56:58.078,1.27179,1.27208,2.25,1.50
2012.09.19 22:56:58.167,1.27178,1.27206,2.25,1.50
2012.09.19 22:56:58.810,1.27174,1.27203,2.25,1.50
2012.09.19 22:56:58.897,1.27182,1.27212,2.25,1.50
2012.09.19 22:56:59.781,1.27179,1.27211,2.25,2.25
2012.09.19 22:56:59.865,1.27179,1.27208,2.25,1.50
2012.09.19 22:57:00.162,1.27179,1.27207,1.50,1.50
2012.09.19 22:57:00.461,1.27175,1.27204,1.50,1.50
2012.09.19 22:57:01.972,1.27174,1.27203,1.50,1.50
2012.09.19 22:57:02.054,1.2717,1.27198,1.50,1.50
2012.09.19 22:57:02.756,1.2717,1.27198,1.50,1.50
2012.09.19 22:57:04.150,1.27169,1.27198,2.25,1.50
2012.09.19 22:57:04.661,1.2717,1.27198,1.50,1.50
2012.09.19 22:57:06.045,1.2717,1.27198,1.50,1.50
2012.09.19 22:57:07.377,1.2717,1.27198,1.50,1.50
2012.09.19 22:57:20.550,1.27171,1.27196,1.50,1.50
2012.09.19 22:57:20.913,1.27169,1.2719,1.50,1.50
2012.09.19 22:57:23.860,1.27171,1.2719,1.50,1.50
2012.09.19 22:57:24.371,1.2717,1.2719,1.50,1.50
2012.09.19 22:57:24.589,1.27171,1.27196,1.50,1.50
2012.09.19 22:57:44.446,1.2717,1.27196,1.50,1.50
2012.09.19 22:57:49.104,1.27168,1.27193,2.99,1.50
2012.09.19 22:57:49.198,1.27168,1.27191,2.24,1.50
2012.09.19 22:57:54.862,1.27168,1.27191,1.49,1.50
2012.09.19 22:58:00.050,1.27168,1.27194,1.49,1.88
2012.09.19 22:58:01.290,1.27168,1.27194,1.49,1.88
2012.09.19 22:58:03.929,1.27168,1.2719,1.49,1.13
2012.09.19 22:58:05.126,1.27168,1.27191,1.49,1.88
2012.09.19 22:58:05.686,1.27167,1.27191,1.49,1.13
2012.09.19 22:58:09.818,1.27167,1.27194,1.49,1.13
2012.09.19 22:58:10.562,1.27167,1.27196,1.49,1.13
2012.09.19 22:58:11.147,1.27167,1.27193,1.49,1.13
2012.09.19 22:58:11.731,1.27168,1.27193,1.49,1.13
2012.09.19 22:58:13.136,1.27168,1.27193,1.49,1.13
2012.09.19 22:58:16.869,1.27168,1.27193,1.49,1.13
2012.09.19 22:58:17.402,1.27167,1.27194,1.49,1.13
2012.09.19 22:58:19.339,1.27168,1.27193,1.49,1.13
2012.09.19 22:58:19.760,1.27167,1.27193,1.49,1.13
2012.09.19 22:58:30.531,1.27167,1.27191,1.49,1.13
2012.09.19 22:58:33.506,1.27168,1.27191,1.49,1.13
2012.09.19 22:58:44.677,1.27168,1.27195,1.49,1.20
2012.09.19 22:58:55.535,1.27168,1.27196,1.49,1.95
2012.09.19 22:58:58.357,1.27168,1.27197,1.49,1.58
2012.09.19 22:58:58.860,1.27168,1.27199,2.24,1.20
2012.09.19 22:59:02.500,1.27169,1.27201,1.50,1.20
2012.09.19 22:59:02.999,1.27169,1.27201,1.50,1.13
2012.09.19 22:59:07.555,1.27168,1.27201,2.24,1.20
2012.09.19 22:59:09.041,1.27168,1.27201,2.24,1.20
2012.09.19 22:59:12.303,1.27168,1.27201,2.24,1.95
2012.09.19 22:59:14.405,1.27168,1.27201,2.24,1.20
2012.09.19 22:59:19.529,1.27168,1.27201,2.24,1.20
2012.09.19 22:59:22.260,1.27168,1.27201,2.24,1.20
2012.09.19 22:59:22.399,1.27168,1.27199,1.49,1.13
2012.09.19 22:59:22.596,1.27168,1.27201,1.49,1.58
2012.09.19 22:59:22.749,1.27169,1.27204,1.50,1.58
2012.09.19 22:59:24.569,1.2718,1.27209,1.28,1.58
2012.09.19 22:59:25.118,1.2718,1.27209,1.28,1.58
2012.09.19 22:59:27.616,1.27169,1.27206,1.50,1.50
2012.09.19 22:59:28.827,1.27168,1.27206,3.59,1.50
2012.09.19 22:59:30.247,1.27167,1.27206,2.84,1.50
2012.09.19 22:59:34.090,1.27168,1.27206,2.24,3.08
2012.09.19 22:59:34.169,1.27168,1.27204,2.24,1.50
2012.09.19 22:59:35.650,1.27167,1.27202,2.24,1.50
2012.09.19 22:59:36.192,1.27167,1.27204,2.24,1.50
2012.09.19 22:59:37.848,1.27168,1.27204,2.24,1.50
2012.09.19 22:59:39.659,1.27168,1.27204,2.24,1.50
2012.09.19 22:59:42.169,1.27167,1.27204,2.24,1.50
2012.09.19 22:59:48.865,1.27167,1.27201,2.24,1.13
2012.09.19 22:59:49.069,1.27167,1.27201,2.24,1.13
2012.09.19 22:59:49.270,1.27167,1.27201,2.24,1.13
2012.09.19 22:59:49.348,1.27167,1.27201,2.24,1.13
2012.09.19 22:59:53.046,1.27168,1.27206,1.50,2.63
2012.09.19 22:59:54.457,1.2717,1.27206,1.50,2.63
