2010.02.11 01:00:00.850,1.4583,1.45865,1.20,1.00
2010.02.11 01:00:04.341,1.4585,1.4591,1.00,1.00
2010.02.11 01:00:04.452,1.45865,1.45915,1.20,1.00
2010.02.11 01:00:04.555,1.4587,1.45915,1.20,1.00
2010.02.11 01:00:05.169,1.4587,1.45925,1.20,1.00
2010.02.11 01:00:05.274,1.4587,1.4592,1.20,1.00
2010.02.11 01:00:05.627,1.45865,1.45915,1.60,1.00
2010.02.11 01:00:06.192,1.45865,1.4592,1.60,1.00
2010.02.11 01:00:06.571,1.4588,1.45935,1.80,1.00
2010.02.11 01:00:07.269,1.4588,1.4594,1.20,3.60
2010.02.11 01:00:07.614,1.45885,1.4593,1.20,1.00
2010.02.11 01:00:08.663,1.45885,1.45925,1.20,1.00
2010.02.11 01:00:09.092,1.4588,1.45925,1.20,1.00
2010.02.11 01:00:09.909,1.4587,1.45915,1.20,1.00
2010.02.11 01:00:11.020,1.45865,1.45915,1.00,1.00
2010.02.11 01:00:11.326,1.4587,1.4592,1.20,1.00
2010.02.11 01:00:11.870,1.4587,1.4592,1.20,1.00
2010.02.11 01:00:12.116,1.45865,1.4592,1.70,1.00
2010.02.11 01:00:12.331,1.4587,1.4592,1.20,1.00
2010.02.11 01:00:13.030,1.4587,1.45925,1.80,1.00
2010.02.11 01:00:13.360,1.4586,1.4591,1.20,1.00
2010.02.11 01:00:14.147,1.4587,1.4591,1.80,1.00
2010.02.11 01:00:14.478,1.4588,1.4592,1.20,1.00
2010.02.11 01:00:14.819,1.4587,1.4593,1.20,2.00
2010.02.11 01:00:15.658,1.45865,1.4592,1.20,1.00
2010.02.11 01:00:16.978,1.45865,1.4592,1.30,1.00
2010.02.11 01:00:20.040,1.4587,1.4592,1.20,1.00
2010.02.11 01:00:21.011,1.4587,1.4592,1.20,1.00
2010.02.11 01:00:21.785,1.4587,1.4592,1.20,1.00
2010.02.11 01:00:25.121,1.4587,1.4592,1.20,1.00
2010.02.11 01:00:26.433,1.4587,1.4592,1.30,1.00
2010.02.11 01:00:26.466,1.45875,1.4592,1.20,1.00
2010.02.11 01:00:26.556,1.45875,1.45925,1.20,1.00
2010.02.11 01:00:27.181,1.45875,1.45925,1.20,1.00
2010.02.11 01:00:27.776,1.4587,1.4592,1.20,1.00
2010.02.11 01:00:29.140,1.4587,1.45925,1.30,1.00
2010.02.11 01:00:29.405,1.4587,1.4593,1.70,3.30
2010.02.11 01:00:29.541,1.4587,1.4592,1.60,1.00
2010.02.11 01:00:29.671,1.4587,1.4592,1.20,2.10
2010.02.11 01:00:30.202,1.45865,1.4592,2.90,2.10
2010.02.11 01:00:30.356,1.45865,1.4592,1.70,2.10
2010.02.11 01:00:31.968,1.45875,1.4592,1.20,2.00
2010.02.11 01:00:32.108,1.45875,1.4592,1.20,2.00
2010.02.11 01:00:32.374,1.45875,1.4592,1.20,2.00
2010.02.11 01:00:32.508,1.4587,1.4592,3.70,2.00
2010.02.11 01:00:34.286,1.4588,1.4592,1.20,2.00
2010.02.11 01:00:34.515,1.4588,1.4593,1.20,2.10
2010.02.11 01:00:38.482,1.4588,1.4593,1.20,2.00
2010.02.11 01:00:39.391,1.4588,1.4593,1.20,2.10
2010.02.11 01:00:42.261,1.4588,1.4593,1.20,2.00
2010.02.11 01:00:42.450,1.4588,1.4593,1.20,1.60
2010.02.11 01:00:42.553,1.45885,1.4593,1.20,1.60
2010.02.11 01:00:43.196,1.45885,1.45935,1.20,1.00
2010.02.11 01:00:45.809,1.459,1.45935,1.20,1.00
2010.02.11 01:00:49.098,1.459,1.45935,1.20,1.00
2010.02.11 01:00:51.325,1.45895,1.4593,1.20,1.60
2010.02.11 01:00:54.770,1.459,1.4594,1.20,1.00
2010.02.11 01:00:54.953,1.459,1.4594,1.20,1.00
2010.02.11 01:01:01.336,1.45895,1.4594,1.60,1.00
2010.02.11 01:01:01.429,1.459,1.4594,1.20,1.00
2010.02.11 01:01:02.269,1.45885,1.45925,1.20,1.60
2010.02.11 01:01:02.531,1.4589,1.45935,1.20,1.60
2010.02.11 01:01:05.060,1.4591,1.4594,1.20,1.00
2010.02.11 01:01:05.636,1.45905,1.4594,1.20,1.00
2010.02.11 01:01:06.381,1.45915,1.45965,1.20,2.00
2010.02.11 01:01:06.636,1.4591,1.4596,2.00,1.00
2010.02.11 01:01:07.402,1.4591,1.4595,2.00,1.00
2010.02.11 01:01:08.208,1.45915,1.45955,2.00,1.00
2010.02.11 01:01:10.551,1.4591,1.4595,2.00,1.00
2010.02.11 01:01:11.224,1.4591,1.45955,2.50,1.00
2010.02.11 01:01:11.384,1.4592,1.45955,1.20,1.00
2010.02.11 01:01:13.001,1.45925,1.4596,1.20,1.00
2010.02.11 01:01:18.562,1.4592,1.45955,1.20,1.70
2010.02.11 01:01:20.218,1.4592,1.4595,1.20,1.00
2010.02.11 01:01:23.510,1.45925,1.4596,1.20,1.00
2010.02.11 01:01:24.775,1.4592,1.4596,2.00,1.00
2010.02.11 01:01:26.137,1.4592,1.4596,2.00,1.00
2010.02.11 01:01:26.700,1.4592,1.45955,2.00,1.00
2010.02.11 01:01:27.440,1.45925,1.4596,2.00,1.00
2010.02.11 01:01:28.160,1.45925,1.45965,2.00,1.00
2010.02.11 01:01:28.512,1.4593,1.45965,2.00,1.00
2010.02.11 01:01:32.452,1.4593,1.45955,2.00,1.00
2010.02.11 01:01:33.057,1.4593,1.4596,1.20,1.00
2010.02.11 01:01:35.700,1.4593,1.45955,1.20,1.00
2010.02.11 01:01:36.365,1.45895,1.4594,1.00,1.00
2010.02.11 01:01:36.632,1.45885,1.4593,1.00,2.00
2010.02.11 01:01:36.781,1.4587,1.4593,2.90,2.00
2010.02.11 01:01:38.493,1.4588,1.45915,2.40,1.00
2010.02.11 01:01:38.689,1.4588,1.4592,1.80,1.00
2010.02.11 01:01:39.679,1.45895,1.4596,1.20,4.40
2010.02.11 01:01:40.469,1.4589,1.4596,1.80,4.40
2010.02.11 01:01:41.839,1.45895,1.4595,1.80,4.40
2010.02.11 01:01:41.894,1.45895,1.4595,1.20,4.40
2010.02.11 01:01:41.936,1.4589,1.4595,1.80,4.40
2010.02.11 01:01:42.870,1.45895,1.4595,1.20,2.00
2010.02.11 01:01:43.596,1.45895,1.4594,1.20,1.00
2010.02.11 01:01:44.464,1.45895,1.45935,1.20,1.00
2010.02.11 01:01:48.719,1.45885,1.45935,1.20,1.00
2010.02.11 01:01:50.003,1.45885,1.45945,1.20,1.00
2010.02.11 01:01:50.033,1.45885,1.45935,1.20,1.00
2010.02.11 01:01:50.434,1.45885,1.4594,1.20,1.00
2010.02.11 01:01:51.292,1.45875,1.45935,1.20,1.00
2010.02.11 01:01:51.604,1.45885,1.45935,1.20,1.00
2010.02.11 01:01:52.558,1.4587,1.4592,1.20,1.60
2010.02.11 01:01:53.376,1.4587,1.4592,1.20,2.00
2010.02.11 01:01:54.391,1.45865,1.45905,1.30,1.60
2010.02.11 01:01:55.659,1.45865,1.45905,1.20,1.60
2010.02.11 01:01:57.724,1.4586,1.45905,3.60,1.60
2010.02.11 01:01:58.344,1.4586,1.45905,2.00,1.60
2010.02.11 01:01:58.568,1.4586,1.45905,1.30,2.00
2010.02.11 01:01:58.878,1.4586,1.459,1.30,1.00
2010.02.11 01:01:59.776,1.4586,1.459,1.90,1.00
2010.02.11 01:01:59.927,1.4587,1.45905,1.00,1.60
2010.02.11 01:02:00.076,1.45875,1.4592,1.20,1.20
2010.02.11 01:02:00.621,1.45875,1.4592,1.20,1.00
2010.02.11 01:02:00.769,1.45875,1.45925,1.20,1.90
2010.02.11 01:02:01.744,1.45875,1.45925,1.30,1.90
2010.02.11 01:02:02.568,1.45875,1.45925,1.20,2.00
2010.02.11 01:02:03.652,1.45875,1.45925,1.20,1.90
2010.02.11 01:02:04.238,1.45875,1.4593,1.20,1.60
2010.02.11 01:02:04.475,1.45875,1.4593,1.30,1.00
2010.02.11 01:02:05.553,1.45875,1.4592,1.20,1.00
2010.02.11 01:02:05.868,1.45865,1.4592,1.30,1.60
2010.02.11 01:02:06.909,1.45865,1.4592,1.30,3.10
2010.02.11 01:02:08.254,1.4587,1.4592,1.20,1.70
2010.02.11 01:02:09.576,1.4587,1.4592,1.30,1.60
2010.02.11 01:02:14.996,1.45875,1.4592,1.00,1.60
2010.02.11 01:02:18.133,1.45875,1.45925,1.20,2.00
2010.02.11 01:02:18.247,1.45875,1.45925,1.20,1.00
2010.02.11 01:02:18.902,1.45875,1.4593,1.20,6.00
2010.02.11 01:02:19.252,1.45875,1.4593,1.20,5.20
2010.02.11 01:02:19.603,1.45875,1.45925,1.20,1.00
2010.02.11 01:02:20.242,1.45885,1.4593,1.20,1.00
2010.02.11 01:02:20.521,1.45885,1.4593,1.20,1.00
2010.02.11 01:02:25.076,1.45885,1.45935,1.20,1.00
2010.02.11 01:02:25.220,1.4589,1.45935,1.20,1.00
2010.02.11 01:02:25.500,1.45895,1.45935,1.20,1.00
2010.02.11 01:02:33.640,1.459,1.4593,1.20,1.00
2010.02.11 01:02:34.462,1.4591,1.4594,1.20,1.00
2010.02.11 01:02:34.762,1.45905,1.4594,1.80,1.00
2010.02.11 01:02:35.376,1.45905,1.4594,1.20,1.00
2010.02.11 01:02:35.620,1.459,1.45935,1.20,1.00
2010.02.11 01:02:36.232,1.459,1.4594,1.20,1.00
2010.02.11 01:02:36.497,1.459,1.45935,1.20,1.00
2010.02.11 01:02:37.218,1.45905,1.45935,1.20,1.00
2010.02.11 01:02:37.577,1.45895,1.4593,1.00,1.00
2010.02.11 01:02:38.171,1.4589,1.4593,1.20,1.00
2010.02.11 01:02:38.542,1.4589,1.45935,1.20,2.00
2010.02.11 01:02:39.652,1.45885,1.4592,1.00,2.00
2010.02.11 01:02:39.898,1.4586,1.4592,1.20,2.00
2010.02.11 01:02:40.136,1.4585,1.45915,8.00,1.00
2010.02.11 01:02:40.830,1.45855,1.45905,1.20,1.00
2010.02.11 01:02:41.319,1.4586,1.45905,1.20,1.00
2010.02.11 01:02:41.568,1.4586,1.45905,1.20,1.00
2010.02.11 01:02:42.097,1.45855,1.45905,8.40,1.00
2010.02.11 01:02:42.327,1.45855,1.45905,8.00,1.00
2010.02.11 01:02:42.624,1.45855,1.45905,4.00,1.00
2010.02.11 01:02:43.220,1.4585,1.45905,1.20,1.00
2010.02.11 01:02:43.534,1.4585,1.45905,1.20,1.00
2010.02.11 01:02:45.139,1.4584,1.45895,1.30,1.00
2010.02.11 01:02:45.342,1.4584,1.4589,1.30,1.00
2010.02.11 01:02:46.994,1.4584,1.4589,1.20,1.00
2010.02.11 01:02:47.081,1.45835,1.45885,1.00,1.20
2010.02.11 01:02:47.162,1.4583,1.4587,1.20,1.60
2010.02.11 01:02:47.323,1.4584,1.4587,1.20,1.60
2010.02.11 01:02:47.906,1.4584,1.45885,1.20,1.00
2010.02.11 01:02:48.137,1.4584,1.4589,1.20,1.00
2010.02.11 01:02:48.592,1.4584,1.4589,1.20,1.00
2010.02.11 01:02:48.819,1.4584,1.4589,1.20,1.00
2010.02.11 01:02:49.601,1.4585,1.459,1.00,2.90
2010.02.11 01:02:49.841,1.45855,1.459,1.20,1.70
2010.02.11 01:03:03.816,1.45855,1.459,1.20,2.10
2010.02.11 01:03:04.428,1.45855,1.459,1.20,2.00
2010.02.11 01:03:06.947,1.45855,1.459,1.20,2.10
2010.02.11 01:03:07.558,1.45855,1.459,1.20,2.00
2010.02.11 01:03:09.574,1.45855,1.459,1.20,2.10
2010.02.11 01:03:12.218,1.45855,1.459,1.20,1.70
2010.02.11 01:03:12.400,1.45855,1.459,1.20,1.60
2010.02.11 01:03:27.978,1.45855,1.459,1.20,1.70
2010.02.11 01:03:29.107,1.45855,1.459,1.20,1.60
2010.02.11 01:03:29.372,1.45865,1.4591,1.20,2.10
2010.02.11 01:03:29.945,1.4587,1.4591,1.20,2.10
2010.02.11 01:03:30.244,1.45875,1.4591,1.20,1.00
2010.02.11 01:03:30.999,1.45875,1.4591,1.20,1.00
2010.02.11 01:03:31.285,1.45875,1.45915,1.20,1.00
2010.02.11 01:03:32.828,1.4588,1.4592,1.20,1.70
2010.02.11 01:03:33.132,1.4588,1.4591,1.20,1.00
2010.02.11 01:03:33.487,1.45875,1.4591,1.80,1.00
2010.02.11 01:03:34.168,1.45875,1.45915,1.20,1.00
2010.02.11 01:03:35.392,1.4587,1.4591,1.20,1.70
2010.02.11 01:03:37.436,1.45875,1.45915,1.20,1.00
2010.02.11 01:03:37.622,1.45875,1.4591,1.20,1.70
2010.02.11 01:03:38.238,1.4587,1.4591,1.20,1.00
2010.02.11 01:03:38.447,1.4588,1.45915,1.20,1.00
2010.02.11 01:03:38.802,1.45875,1.4592,1.00,1.20
2010.02.11 01:03:39.366,1.45875,1.45905,1.00,1.00
2010.02.11 01:03:39.742,1.4584,1.45905,1.20,1.10
2010.02.11 01:03:41.305,1.4586,1.45895,1.20,1.10
2010.02.11 01:03:41.555,1.4586,1.4591,1.20,2.30
2010.02.11 01:03:41.989,1.4586,1.4591,1.20,2.70
2010.02.11 01:03:42.486,1.4586,1.459,1.20,1.60
2010.02.11 01:03:42.710,1.45855,1.459,1.20,3.10
2010.02.11 01:03:43.631,1.45845,1.45885,1.80,1.60
2010.02.11 01:03:43.991,1.4585,1.45905,1.20,1.00
2010.02.11 01:03:44.803,1.4585,1.4591,1.20,2.10
2010.02.11 01:03:46.717,1.4586,1.45905,1.20,2.00
2010.02.11 01:03:46.807,1.4586,1.45905,1.20,1.70
2010.02.11 01:03:48.785,1.4586,1.4591,1.20,2.30
2010.02.11 01:03:51.469,1.4586,1.4591,1.20,1.50
2010.02.11 01:03:51.555,1.4586,1.45905,1.20,1.00
2010.02.11 01:03:51.853,1.4586,1.45905,1.20,1.00
2010.02.11 01:03:52.571,1.4586,1.4591,1.20,1.00
2010.02.11 01:03:52.961,1.4587,1.45905,1.20,1.00
2010.02.11 01:03:53.498,1.45865,1.4591,1.00,1.00
2010.02.11 01:03:53.835,1.4586,1.45905,1.20,1.00
2010.02.11 01:03:57.281,1.4586,1.4589,1.20,1.60
2010.02.11 01:03:57.873,1.4585,1.4589,1.00,1.60
2010.02.11 01:03:57.967,1.45845,1.4589,1.80,1.60
2010.02.11 01:04:06.074,1.45845,1.4589,2.00,1.60
2010.02.11 01:04:06.789,1.45845,1.4589,1.80,1.70
2010.02.11 01:04:11.751,1.45845,1.4589,1.80,1.60
2010.02.11 01:04:11.985,1.45845,1.4588,1.80,1.60
2010.02.11 01:04:12.585,1.45835,1.4588,1.20,1.60
2010.02.11 01:04:13.973,1.45845,1.45895,1.80,1.10
2010.02.11 01:04:14.150,1.45845,1.4588,1.20,1.60
2010.02.11 01:04:14.778,1.4584,1.4588,2.00,1.60
2010.02.11 01:04:15.308,1.4585,1.45895,1.20,1.00
2010.02.11 01:04:15.661,1.4585,1.459,1.20,1.00
2010.02.11 01:04:16.409,1.4585,1.459,1.20,1.00
2010.02.11 01:04:18.603,1.4585,1.45895,1.20,1.00
2010.02.11 01:04:18.768,1.4584,1.4588,2.00,1.60
2010.02.11 01:04:18.935,1.45845,1.4589,1.80,1.60
2010.02.11 01:04:20.872,1.4584,1.4589,1.20,2.00
2010.02.11 01:04:21.785,1.4584,1.4589,1.20,1.60
2010.02.11 01:04:22.403,1.4584,1.4589,1.20,1.70
2010.02.11 01:04:22.468,1.4584,1.4589,1.20,2.10
2010.02.11 01:04:22.782,1.45845,1.4589,1.20,2.10
2010.02.11 01:04:22.850,1.45845,1.4589,1.30,2.00
2010.02.11 01:04:23.012,1.45845,1.459,1.80,1.00
2010.02.11 01:04:23.159,1.4585,1.459,1.20,1.00
2010.02.11 01:04:23.868,1.45855,1.45905,1.20,1.00
2010.02.11 01:04:24.890,1.45855,1.45905,1.20,1.00
2010.02.11 01:04:25.479,1.45855,1.45895,1.20,1.00
2010.02.11 01:04:27.211,1.45845,1.459,1.80,2.10
2010.02.11 01:04:28.071,1.45845,1.459,2.00,2.00
2010.02.11 01:04:28.412,1.45845,1.459,1.90,2.00
2010.02.11 01:04:28.567,1.45845,1.459,2.00,2.00
2010.02.11 01:04:31.103,1.45845,1.459,2.00,3.10
2010.02.11 01:04:32.526,1.45845,1.45895,2.00,1.00
2010.02.11 01:04:39.737,1.45845,1.45895,1.80,1.00
2010.02.11 01:04:40.251,1.45845,1.45895,1.80,1.00
2010.02.11 01:04:49.274,1.45855,1.459,1.20,2.10
2010.02.11 01:04:49.565,1.4585,1.4589,1.20,1.60
2010.02.11 01:04:50.309,1.45845,1.4589,1.80,1.60
2010.02.11 01:04:50.528,1.45845,1.4589,1.20,1.60
2010.02.11 01:04:51.631,1.45845,1.459,1.80,3.20
2010.02.11 01:04:51.757,1.45845,1.45895,1.80,1.00
2010.02.11 01:04:52.780,1.45845,1.45895,1.80,1.00
2010.02.11 01:04:57.447,1.45845,1.4589,1.80,1.60
2010.02.11 01:04:58.045,1.45845,1.4589,1.20,1.60
2010.02.11 01:05:03.136,1.45845,1.4589,1.20,2.70
2010.02.11 01:05:04.392,1.45845,1.4589,1.20,3.10
2010.02.11 01:05:07.957,1.45845,1.4589,1.20,3.20
2010.02.11 01:05:08.234,1.45845,1.4588,1.00,1.60
2010.02.11 01:05:09.010,1.45845,1.45885,1.20,1.00
2010.02.11 01:05:09.185,1.45845,1.4589,1.60,2.00
2010.02.11 01:05:11.454,1.45845,1.4589,1.60,2.00
2010.02.11 01:05:14.040,1.45845,1.4589,1.60,2.50
2010.02.11 01:05:14.206,1.45845,1.4588,1.60,1.00
2010.02.11 01:05:14.306,1.45845,1.4587,1.60,1.60
2010.02.11 01:05:14.359,1.45845,1.4587,1.20,1.60
2010.02.11 01:05:14.927,1.45845,1.4586,1.20,1.60
2010.02.11 01:05:15.284,1.4585,1.459,1.20,3.30
2010.02.11 01:05:16.031,1.4584,1.45895,1.30,1.00
2010.02.11 01:05:16.365,1.4585,1.4589,1.00,2.00
2010.02.11 01:05:17.185,1.4584,1.4589,1.30,2.10
2010.02.11 01:05:18.496,1.4584,1.4589,1.30,2.00
2010.02.11 01:05:19.849,1.45845,1.459,1.20,1.00
2010.02.11 01:05:20.100,1.4586,1.45895,1.20,1.00
2010.02.11 01:05:21.004,1.4586,1.45905,1.20,1.00
2010.02.11 01:05:25.385,1.4586,1.4591,1.20,2.10
2010.02.11 01:05:25.875,1.45865,1.4591,1.20,2.10
2010.02.11 01:05:25.995,1.45865,1.4591,1.20,1.70
2010.02.11 01:05:26.119,1.45865,1.4591,1.20,1.60
2010.02.11 01:05:28.552,1.45865,1.4591,1.20,1.70
2010.02.11 01:05:28.865,1.4587,1.4592,1.20,1.00
2010.02.11 01:05:29.373,1.45865,1.4592,1.20,1.00
2010.02.11 01:05:30.381,1.45865,1.45915,1.20,1.00
2010.02.11 01:05:31.744,1.4587,1.4592,1.20,1.00
2010.02.11 01:05:34.644,1.45885,1.45925,1.20,1.00
2010.02.11 01:05:34.767,1.45885,1.4592,1.20,1.00
2010.02.11 01:05:36.020,1.45885,1.45915,1.20,1.00
2010.02.11 01:05:43.607,1.45885,1.4592,1.20,1.00
2010.02.11 01:05:43.901,1.459,1.4593,1.20,1.00
2010.02.11 01:05:44.367,1.459,1.4592,1.20,1.00
2010.02.11 01:05:44.994,1.45895,1.45925,1.20,1.00
2010.02.11 01:05:45.122,1.45895,1.4593,1.20,1.00
2010.02.11 01:05:45.249,1.45895,1.45925,1.20,1.00
2010.02.11 01:05:45.363,1.45895,1.45925,1.20,1.00
2010.02.11 01:05:47.175,1.459,1.4593,1.20,1.00
2010.02.11 01:05:47.341,1.459,1.4594,1.20,1.00
2010.02.11 01:05:47.981,1.4589,1.4594,1.20,1.00
2010.02.11 01:05:49.632,1.4589,1.4594,1.20,1.00
2010.02.11 01:05:49.865,1.459,1.45945,1.20,1.00
2010.02.11 01:05:51.969,1.459,1.45935,1.20,1.00
2010.02.11 01:05:52.171,1.45875,1.4592,1.60,2.20
2010.02.11 01:05:52.278,1.45875,1.45915,1.00,2.00
2010.02.11 01:05:52.386,1.45875,1.459,1.00,1.00
2010.02.11 01:05:52.892,1.4587,1.459,1.00,1.00
2010.02.11 01:05:53.002,1.4586,1.4591,1.60,1.20
2010.02.11 01:05:53.102,1.4585,1.459,1.00,1.00
2010.02.11 01:05:53.448,1.45845,1.45895,1.20,1.00
2010.02.11 01:05:54.472,1.4585,1.45895,1.00,1.00
2010.02.11 01:05:56.404,1.45845,1.45895,1.30,1.00
2010.02.11 01:05:57.438,1.45845,1.45895,1.20,1.00
2010.02.11 01:05:57.599,1.4585,1.45895,1.20,1.00
2010.02.11 01:05:58.149,1.4585,1.45895,1.00,1.00
2010.02.11 01:05:58.309,1.4584,1.4589,2.80,2.10
2010.02.11 01:05:59.679,1.4584,1.4589,2.90,2.10
2010.02.11 01:06:00.453,1.4584,1.4589,2.90,2.00
2010.02.11 01:06:02.372,1.4584,1.45885,2.80,1.00
2010.02.11 01:06:02.588,1.4584,1.4588,1.00,1.60
2010.02.11 01:06:02.794,1.45835,1.45875,2.40,1.60
2010.02.11 01:06:03.007,1.4584,1.4589,2.80,2.70
2010.02.11 01:06:03.733,1.4584,1.4589,2.80,2.10
2010.02.11 01:06:04.404,1.4584,1.4589,2.90,2.10
2010.02.11 01:06:08.461,1.45845,1.4589,1.00,2.00
2010.02.11 01:06:08.580,1.45855,1.4589,1.20,2.00
2010.02.11 01:06:08.704,1.45855,1.45895,1.20,1.50
2010.02.11 01:06:08.826,1.45855,1.45905,1.20,3.60
2010.02.11 01:06:08.942,1.45855,1.45905,1.20,1.00
2010.02.11 01:06:09.392,1.45855,1.45905,1.20,1.00
2010.02.11 01:06:10.035,1.45855,1.45905,1.20,1.00
2010.02.11 01:06:10.525,1.4585,1.45895,1.00,1.20
2010.02.11 01:06:10.581,1.4584,1.4588,1.20,1.60
2010.02.11 01:06:10.636,1.45845,1.45895,1.00,1.10
2010.02.11 01:06:10.687,1.4585,1.45895,1.20,1.00
2010.02.11 01:06:10.785,1.4585,1.45905,1.20,2.00
2010.02.11 01:06:10.896,1.45855,1.45905,1.00,1.60
2010.02.11 01:06:11.450,1.4586,1.45915,1.20,1.00
2010.02.11 01:06:11.554,1.45855,1.45925,1.20,4.80
2010.02.11 01:06:12.386,1.45855,1.4592,1.20,4.70
2010.02.11 01:06:12.763,1.45855,1.45915,1.20,1.00
2010.02.11 01:06:13.612,1.45855,1.4591,1.20,1.00
2010.02.11 01:06:14.885,1.45855,1.45905,1.20,1.00
2010.02.11 01:06:15.511,1.45855,1.459,1.20,1.00
2010.02.11 01:06:15.712,1.45855,1.45905,1.20,1.00
2010.02.11 01:06:16.333,1.45855,1.459,1.20,1.00
2010.02.11 01:06:17.025,1.45855,1.45895,1.20,1.00
2010.02.11 01:06:17.201,1.45855,1.45895,1.20,1.00
2010.02.11 01:06:17.374,1.45845,1.459,1.20,1.00
2010.02.11 01:06:17.945,1.4584,1.459,1.80,4.80
2010.02.11 01:06:18.195,1.4584,1.45895,1.20,1.00
2010.02.11 01:06:18.574,1.4584,1.45895,1.20,1.00
2010.02.11 01:06:19.760,1.4584,1.45895,1.30,1.00
2010.02.11 01:06:20.120,1.45835,1.4588,1.00,1.60
2010.02.11 01:06:20.475,1.45825,1.45875,2.40,1.60
2010.02.11 01:06:21.283,1.45825,1.4587,1.00,1.60
2010.02.11 01:06:23.916,1.4583,1.4587,1.30,1.60
2010.02.11 01:06:23.988,1.4583,1.4588,1.20,1.60
2010.02.11 01:06:28.539,1.45835,1.45885,2.80,2.00
2010.02.11 01:06:28.732,1.45835,1.45885,2.80,2.00
2010.02.11 01:06:28.923,1.45845,1.45895,1.20,2.00
2010.02.11 01:06:30.458,1.45845,1.459,1.20,2.60
2010.02.11 01:06:32.554,1.4584,1.45895,1.00,2.10
2010.02.11 01:06:32.709,1.45835,1.45895,1.30,2.10
2010.02.11 01:06:33.326,1.45835,1.45895,1.70,2.10
2010.02.11 01:06:35.221,1.4584,1.45895,1.00,2.00
2010.02.11 01:06:40.567,1.45855,1.459,1.20,1.00
2010.02.11 01:06:41.462,1.45855,1.45905,1.20,3.20
2010.02.11 01:06:45.498,1.4587,1.45905,1.20,3.20
2010.02.11 01:06:47.194,1.45885,1.45915,1.20,1.30
2010.02.11 01:06:47.400,1.4587,1.4592,1.20,2.00
2010.02.11 01:06:47.785,1.4587,1.45915,1.20,1.00
2010.02.11 01:06:48.428,1.45865,1.45915,1.20,1.90
2010.02.11 01:06:48.762,1.45865,1.45915,1.20,2.00
2010.02.11 01:06:49.466,1.45865,1.4591,1.20,1.00
2010.02.11 01:06:53.202,1.45875,1.4591,1.20,1.00
2010.02.11 01:06:54.293,1.45875,1.4591,1.20,1.00
2010.02.11 01:06:54.640,1.45875,1.4591,1.20,1.00
2010.02.11 01:06:56.366,1.45875,1.45915,1.20,1.90
2010.02.11 01:06:59.806,1.4588,1.45915,1.20,1.90
2010.02.11 01:06:59.858,1.4588,1.4592,1.20,4.40
2010.02.11 01:07:00.061,1.4588,1.4592,1.20,3.60
2010.02.11 01:07:01.223,1.4588,1.4592,1.20,3.50
2010.02.11 01:07:01.762,1.4588,1.4592,1.20,1.00
2010.02.11 01:07:01.997,1.4589,1.4592,1.60,1.00
2010.02.11 01:07:03.477,1.4589,1.45915,1.60,1.00
2010.02.11 01:07:04.481,1.4589,1.4592,1.60,1.00
2010.02.11 01:07:10.371,1.459,1.4592,1.20,1.00
2010.02.11 01:07:10.442,1.45905,1.4593,1.20,1.00
2010.02.11 01:07:10.495,1.45905,1.45925,1.20,1.00
2010.02.11 01:07:10.601,1.459,1.45925,1.60,1.00
2010.02.11 01:07:10.718,1.459,1.45925,1.20,1.00
2010.02.11 01:07:13.421,1.45905,1.4593,1.20,1.00
2010.02.11 01:07:13.706,1.4591,1.4593,1.20,1.00
2010.02.11 01:07:14.313,1.4591,1.45935,1.20,1.00
2010.02.11 01:07:21.425,1.4591,1.4593,1.20,1.00
2010.02.11 01:07:28.294,1.45905,1.4593,1.20,1.00
2010.02.11 01:07:28.553,1.45895,1.45925,1.20,1.00
2010.02.11 01:07:29.897,1.4588,1.4593,1.20,2.00
2010.02.11 01:07:30.951,1.4589,1.45935,1.20,1.90
2010.02.11 01:07:31.228,1.4589,1.45935,1.20,1.00
2010.02.11 01:07:32.536,1.4589,1.45935,1.20,1.00
2010.02.11 01:07:32.813,1.4589,1.45935,1.20,1.00
2010.02.11 01:07:33.811,1.459,1.4594,1.00,1.10
2010.02.11 01:07:34.072,1.459,1.45945,1.90,1.00
2010.02.11 01:07:34.854,1.45895,1.45945,1.80,1.00
2010.02.11 01:07:35.156,1.459,1.4595,1.20,2.00
2010.02.11 01:07:35.984,1.4591,1.4594,1.20,1.00
2010.02.11 01:07:36.317,1.45895,1.4594,2.80,1.00
2010.02.11 01:07:37.042,1.4589,1.4593,1.60,1.60
2010.02.11 01:07:37.348,1.4589,1.4593,1.20,1.60
2010.02.11 01:07:37.635,1.4589,1.45925,1.20,1.00
2010.02.11 01:07:38.866,1.45875,1.4592,1.20,1.60
2010.02.11 01:07:39.745,1.45875,1.45915,1.20,1.60
2010.02.11 01:07:40.501,1.45875,1.4592,1.20,2.00
2010.02.11 01:07:40.859,1.45875,1.45915,1.20,1.60
2010.02.11 01:07:41.450,1.45875,1.45915,1.20,1.70
2010.02.11 01:07:42.433,1.45875,1.45915,1.20,1.60
2010.02.11 01:07:43.204,1.45875,1.4592,1.20,2.10
2010.02.11 01:07:43.521,1.45875,1.45915,1.20,1.60
2010.02.11 01:07:44.347,1.45875,1.45915,1.20,1.70
2010.02.11 01:07:45.134,1.45875,1.45915,1.20,1.00
2010.02.11 01:07:47.003,1.45875,1.4591,1.20,1.00
2010.02.11 01:07:47.305,1.4587,1.4591,2.80,1.00
2010.02.11 01:07:48.325,1.4587,1.45905,2.80,1.00
2010.02.11 01:07:49.101,1.4587,1.4591,2.80,1.00
2010.02.11 01:07:49.310,1.4587,1.45905,2.80,1.00
2010.02.11 01:07:49.811,1.4587,1.459,1.60,1.50
2010.02.11 01:07:50.032,1.45835,1.4589,2.10,1.60
2010.02.11 01:07:50.240,1.45835,1.4589,1.70,1.60
2010.02.11 01:07:51.582,1.4585,1.4589,1.20,1.00
2010.02.11 01:07:51.780,1.4585,1.45895,1.20,1.00
2010.02.11 01:07:51.978,1.4585,1.459,2.00,1.60
2010.02.11 01:07:52.666,1.45855,1.459,1.20,1.00
2010.02.11 01:07:52.862,1.45855,1.459,1.20,1.00
2010.02.11 01:07:53.039,1.45855,1.45895,1.20,1.00
2010.02.11 01:07:53.706,1.4585,1.459,1.60,1.00
2010.02.11 01:07:54.065,1.45845,1.4589,1.20,1.60
2010.02.11 01:07:55.385,1.4585,1.459,1.20,1.70
2010.02.11 01:07:56.594,1.45845,1.459,1.00,4.10
2010.02.11 01:07:56.839,1.4585,1.45895,1.20,1.00
2010.02.11 01:07:57.641,1.45845,1.45895,1.00,1.00
2010.02.11 01:07:57.940,1.4585,1.45895,1.20,1.00
2010.02.11 01:07:58.240,1.4585,1.4589,1.20,1.00
2010.02.11 01:07:59.224,1.4585,1.459,1.60,1.70
2010.02.11 01:07:59.519,1.45855,1.459,1.20,1.70
2010.02.11 01:08:00.283,1.45855,1.4589,1.20,1.00
2010.02.11 01:08:00.563,1.45855,1.45895,1.20,1.00
2010.02.11 01:08:00.740,1.45845,1.45895,1.20,1.00
2010.02.11 01:08:01.561,1.45845,1.45895,1.20,1.00
2010.02.11 01:08:02.916,1.45845,1.45895,1.20,1.00
2010.02.11 01:08:03.057,1.45845,1.4589,1.20,1.00
2010.02.11 01:08:03.189,1.4585,1.4589,1.20,1.00
2010.02.11 01:08:03.905,1.4585,1.459,1.20,1.00
2010.02.11 01:08:05.101,1.4585,1.45895,1.20,1.00
2010.02.11 01:08:05.560,1.45845,1.45895,1.20,1.70
2010.02.11 01:08:06.426,1.45845,1.4589,1.20,1.00
2010.02.11 01:08:06.923,1.45845,1.4589,1.20,1.00
2010.02.11 01:08:07.236,1.45845,1.45895,1.20,1.60
2010.02.11 01:08:07.505,1.4584,1.45895,2.00,1.60
2010.02.11 01:08:07.677,1.45845,1.4589,1.20,1.00
2010.02.11 01:08:07.811,1.4585,1.4589,1.60,1.00
2010.02.11 01:08:07.888,1.45855,1.459,1.00,1.70
2010.02.11 01:08:08.461,1.4586,1.459,1.20,1.70
2010.02.11 01:08:08.960,1.4586,1.459,1.20,1.60
2010.02.11 01:08:09.208,1.4586,1.459,1.20,1.70
2010.02.11 01:08:09.701,1.45865,1.459,1.20,1.70
2010.02.11 01:08:10.054,1.45865,1.45905,1.20,1.00
2010.02.11 01:08:10.400,1.4585,1.4591,1.60,1.70
2010.02.11 01:08:10.748,1.4585,1.4591,1.20,3.20
2010.02.11 01:08:11.356,1.4585,1.45905,1.20,1.00
2010.02.11 01:08:11.966,1.4585,1.45905,1.20,1.00
2010.02.11 01:08:12.424,1.4585,1.459,1.20,1.00
2010.02.11 01:08:16.390,1.4585,1.4589,1.20,1.00
2010.02.11 01:08:16.590,1.4585,1.459,1.20,1.00
2010.02.11 01:08:17.031,1.4585,1.4589,1.20,1.00
2010.02.11 01:08:18.767,1.4585,1.459,1.20,1.00
2010.02.11 01:08:19.045,1.4585,1.4589,1.20,1.00
2010.02.11 01:08:19.631,1.4585,1.459,1.20,1.00
2010.02.11 01:08:23.223,1.4585,1.45905,1.30,1.00
2010.02.11 01:08:23.326,1.4585,1.45905,1.30,1.00
2010.02.11 01:08:24.656,1.4585,1.45905,1.20,1.00
2010.02.11 01:08:24.794,1.4585,1.45905,1.80,1.00
2010.02.11 01:08:24.929,1.45855,1.45905,1.20,1.00
2010.02.11 01:08:29.069,1.4585,1.4591,1.30,2.10
2010.02.11 01:08:30.897,1.45855,1.45905,1.20,1.00
2010.02.11 01:08:34.227,1.45855,1.4591,1.20,2.10
2010.02.11 01:08:34.806,1.4585,1.4591,1.30,2.10
2010.02.11 01:08:40.835,1.4585,1.4591,1.30,2.90
2010.02.11 01:08:41.498,1.45845,1.459,1.30,2.10
2010.02.11 01:08:43.388,1.45855,1.459,1.00,2.00
2010.02.11 01:08:44.843,1.45855,1.45895,1.00,1.00
2010.02.11 01:08:45.465,1.45845,1.45895,1.00,1.00
2010.02.11 01:08:45.586,1.45845,1.459,1.00,4.00
2010.02.11 01:08:45.698,1.4585,1.459,1.20,2.00
2010.02.11 01:08:46.849,1.4585,1.45905,1.20,1.50
2010.02.11 01:08:47.724,1.4585,1.45905,1.30,1.50
2010.02.11 01:08:48.168,1.4585,1.45905,1.30,1.00
2010.02.11 01:08:48.386,1.4585,1.4591,1.30,5.20
2010.02.11 01:08:49.602,1.4585,1.45905,1.30,1.00
2010.02.11 01:08:54.004,1.45855,1.45905,1.60,1.00
2010.02.11 01:08:54.148,1.45865,1.4591,1.20,2.70
2010.02.11 01:08:54.405,1.4587,1.45925,1.20,7.30
2010.02.11 01:08:54.897,1.4587,1.45925,1.20,5.70
2010.02.11 01:08:55.161,1.4588,1.4593,1.20,1.90
2010.02.11 01:08:56.455,1.4588,1.4593,1.20,2.00
2010.02.11 01:09:00.408,1.4588,1.4593,1.20,3.60
2010.02.11 01:09:00.604,1.45875,1.45925,1.30,2.00
2010.02.11 01:09:01.278,1.45875,1.45925,1.20,2.00
2010.02.11 01:09:01.639,1.45865,1.45925,1.00,3.30
2010.02.11 01:09:02.614,1.45865,1.45925,2.00,3.30
2010.02.11 01:09:03.242,1.4588,1.45925,2.00,1.00
2010.02.11 01:09:03.392,1.4588,1.45925,1.60,1.70
2010.02.11 01:09:04.716,1.45865,1.4592,3.30,1.00
2010.02.11 01:09:05.020,1.45865,1.4592,3.30,1.00
2010.02.11 01:09:06.033,1.45865,1.4592,3.20,1.00
2010.02.11 01:09:06.154,1.45865,1.45915,3.20,1.00
2010.02.11 01:09:06.757,1.45865,1.4592,3.20,1.00
2010.02.11 01:09:10.754,1.45865,1.4592,3.20,1.00
2010.02.11 01:09:13.337,1.45865,1.4592,3.30,1.00
2010.02.11 01:09:13.515,1.45865,1.4591,3.20,1.00
2010.02.11 01:09:13.662,1.45865,1.4591,2.80,1.00
2010.02.11 01:09:14.233,1.45865,1.4591,3.20,1.00
2010.02.11 01:09:14.923,1.45865,1.4592,3.20,1.00
2010.02.11 01:09:15.024,1.4588,1.45925,1.60,1.00
2010.02.11 01:09:19.973,1.4588,1.4592,1.60,1.00
2010.02.11 01:09:20.706,1.4588,1.45925,1.60,1.70
2010.02.11 01:09:20.827,1.4588,1.45925,1.60,2.10
2010.02.11 01:09:21.252,1.4588,1.4592,1.60,1.00
2010.02.11 01:09:26.672,1.4587,1.45925,2.90,2.10
2010.02.11 01:09:27.171,1.4588,1.4592,1.60,1.00
2010.02.11 01:09:30.693,1.4588,1.4592,1.60,1.00
2010.02.11 01:09:30.776,1.4588,1.45925,1.60,2.10
2010.02.11 01:09:33.899,1.45875,1.4593,1.70,4.40
2010.02.11 01:09:34.823,1.45875,1.45925,2.30,1.60
2010.02.11 01:09:35.692,1.4588,1.45925,1.60,1.70
2010.02.11 01:09:36.010,1.4588,1.45925,1.60,2.10
2010.02.11 01:09:36.275,1.4587,1.45925,3.30,2.00
2010.02.11 01:09:39.448,1.4588,1.45925,1.00,2.00
2010.02.11 01:09:39.521,1.4588,1.45925,1.00,1.60
2010.02.11 01:09:39.601,1.45875,1.45925,1.70,1.60
2010.02.11 01:09:39.686,1.45875,1.45925,1.60,1.60
2010.02.11 01:09:39.804,1.45875,1.45925,1.70,1.60
2010.02.11 01:09:40.498,1.45875,1.45925,1.70,2.10
2010.02.11 01:09:41.018,1.45875,1.45925,1.70,2.70
2010.02.11 01:09:41.279,1.45875,1.45925,1.70,2.10
2010.02.11 01:09:41.539,1.45875,1.45925,1.70,2.70
2010.02.11 01:09:44.424,1.45875,1.45925,1.70,2.10
2010.02.11 01:09:44.757,1.45875,1.45925,1.70,1.60
2010.02.11 01:09:47.423,1.4588,1.4593,2.80,1.00
2010.02.11 01:09:47.624,1.4588,1.4593,3.20,1.00
2010.02.11 01:09:47.690,1.4588,1.4593,3.30,1.00
2010.02.11 01:09:47.748,1.45885,1.4593,1.20,1.00
2010.02.11 01:09:48.733,1.45885,1.45925,1.20,1.00
2010.02.11 01:09:49.003,1.45885,1.4593,1.20,1.00
2010.02.11 01:09:50.575,1.4587,1.45925,1.30,3.60
2010.02.11 01:09:50.900,1.4587,1.4592,1.20,1.00
2010.02.11 01:09:51.423,1.45885,1.4593,1.20,1.00
2010.02.11 01:09:51.710,1.4588,1.45925,1.20,1.00
2010.02.11 01:09:52.401,1.45875,1.45925,1.00,1.00
2010.02.11 01:09:52.728,1.4587,1.4593,1.30,1.00
2010.02.11 01:09:54.188,1.4587,1.45925,1.30,1.60
2010.02.11 01:09:54.309,1.4587,1.45925,1.00,2.80
2010.02.11 01:09:54.830,1.4587,1.4592,1.00,1.00
2010.02.11 01:09:56.868,1.45865,1.45915,1.20,1.00
2010.02.11 01:09:57.944,1.4587,1.45915,1.20,1.00
2010.02.11 01:09:58.136,1.4586,1.4592,1.30,1.30
2010.02.11 01:09:58.795,1.4586,1.45915,1.00,1.20
2010.02.11 01:09:59.170,1.45855,1.45925,2.80,1.20
2010.02.11 01:09:59.890,1.4586,1.45925,1.00,2.70
2010.02.11 01:10:00.240,1.45855,1.45925,2.40,2.70
2010.02.11 01:10:00.365,1.4586,1.45925,1.00,2.70
2010.02.11 01:10:00.491,1.4586,1.45925,1.20,1.60
2010.02.11 01:10:01.166,1.4586,1.45925,1.30,1.50
2010.02.11 01:10:02.142,1.4586,1.4593,1.30,5.20
2010.02.11 01:10:02.502,1.45865,1.45935,1.20,3.20
2010.02.11 01:10:03.553,1.45865,1.45935,1.70,3.20
2010.02.11 01:10:03.884,1.4587,1.45935,1.20,1.60
2010.02.11 01:10:04.687,1.4587,1.45935,1.20,1.00
2010.02.11 01:10:15.829,1.4587,1.45935,1.20,1.00
2010.02.11 01:10:18.597,1.4587,1.4593,1.20,1.00
2010.02.11 01:10:19.216,1.45865,1.4593,2.40,1.00
2010.02.11 01:10:19.462,1.45865,1.4593,2.40,1.00
2010.02.11 01:10:21.478,1.45865,1.45925,1.10,1.00
2010.02.11 01:10:21.642,1.45865,1.45925,1.00,1.00
2010.02.11 01:10:21.747,1.4586,1.45925,4.40,1.00
2010.02.11 01:10:23.196,1.4586,1.45925,2.80,1.00
2010.02.11 01:10:23.351,1.4586,1.45925,2.70,1.00
2010.02.11 01:10:25.957,1.4586,1.45925,1.30,1.60
2010.02.11 01:10:26.231,1.4586,1.45925,1.60,1.60
2010.02.11 01:10:27.340,1.4586,1.4592,1.00,1.00
2010.02.11 01:10:27.643,1.4586,1.4591,1.00,1.60
2010.02.11 01:10:27.917,1.45855,1.4591,1.00,2.70
2010.02.11 01:10:28.579,1.4585,1.4591,1.00,2.70
2010.02.11 01:10:30.001,1.4585,1.4591,1.00,1.20
2010.02.11 01:10:30.269,1.4585,1.4591,1.00,1.60
2010.02.11 01:10:35.496,1.4585,1.4591,1.00,3.10
2010.02.11 01:10:35.693,1.4585,1.4591,1.00,2.70
2010.02.11 01:10:37.492,1.4585,1.45905,1.00,1.20
2010.02.11 01:10:37.570,1.4585,1.4591,1.00,2.70
2010.02.11 01:10:38.791,1.45845,1.45905,1.00,1.60
2010.02.11 01:10:39.600,1.45845,1.459,1.00,1.60
2010.02.11 01:10:39.803,1.4584,1.45895,2.30,1.00
2010.02.11 01:10:40.470,1.4584,1.459,1.70,3.10
2010.02.11 01:10:40.673,1.4584,1.459,1.20,3.10
2010.02.11 01:10:41.320,1.4585,1.45905,1.00,3.20
2010.02.11 01:10:41.694,1.4586,1.45915,1.00,4.00
2010.02.11 01:10:42.521,1.45855,1.4591,1.30,1.00
2010.02.11 01:10:42.857,1.45855,1.4591,1.00,1.30
2010.02.11 01:10:43.684,1.4585,1.4591,1.30,1.30
2010.02.11 01:10:43.986,1.4585,1.4591,1.30,1.70
2010.02.11 01:10:45.842,1.45855,1.459,1.00,1.00
2010.02.11 01:10:49.177,1.4586,1.459,1.00,1.00
2010.02.11 01:10:49.263,1.45855,1.459,1.00,1.00
2010.02.11 01:10:50.094,1.4585,1.459,1.00,1.00
2010.02.11 01:10:50.313,1.4585,1.45905,1.00,1.20
2010.02.11 01:10:50.639,1.45855,1.4591,1.00,1.20
2010.02.11 01:10:51.190,1.4586,1.4591,1.20,1.00
2010.02.11 01:10:51.501,1.4586,1.45915,1.20,1.00
2010.02.11 01:10:54.417,1.45855,1.4591,1.20,1.00
2010.02.11 01:10:56.339,1.45855,1.45915,1.30,1.60
2010.02.11 01:10:56.805,1.45855,1.4591,1.20,1.00
2010.02.11 01:10:58.211,1.4586,1.45915,1.00,1.50
2010.02.11 01:11:00.454,1.45855,1.4591,1.20,1.00
2010.02.11 01:11:01.194,1.4586,1.4592,1.00,4.80
2010.02.11 01:11:03.871,1.45855,1.4591,1.20,1.00
2010.02.11 01:11:04.021,1.45855,1.4591,1.20,1.00
2010.02.11 01:11:04.170,1.45855,1.4591,1.70,1.00
2010.02.11 01:11:04.824,1.4586,1.45915,1.20,1.00
2010.02.11 01:11:10.722,1.45865,1.4592,1.00,1.20
2010.02.11 01:11:13.307,1.45865,1.4592,1.00,1.30
2010.02.11 01:11:13.508,1.4586,1.4592,1.70,1.30
2010.02.11 01:11:14.064,1.4586,1.4592,1.70,3.50
2010.02.11 01:11:14.088,1.4586,1.45915,1.00,1.20
2010.02.11 01:11:14.203,1.45865,1.45915,1.00,1.20
2010.02.11 01:11:15.469,1.45865,1.45915,1.00,1.20
2010.02.11 01:11:15.738,1.45865,1.45915,1.00,1.20
2010.02.11 01:11:20.955,1.4586,1.45915,1.00,1.30
2010.02.11 01:11:21.222,1.45865,1.45915,1.00,1.20
2010.02.11 01:11:31.767,1.4586,1.45915,1.00,1.30
2010.02.11 01:11:32.001,1.45865,1.45915,1.00,1.20
2010.02.11 01:11:32.234,1.45865,1.45915,1.00,1.20
2010.02.11 01:11:32.966,1.45865,1.4592,1.00,3.50
2010.02.11 01:11:33.202,1.45865,1.4592,1.00,2.90
2010.02.11 01:11:33.387,1.45865,1.4592,1.00,3.30
2010.02.11 01:11:38.168,1.45865,1.4592,1.00,2.90
2010.02.11 01:11:39.412,1.45875,1.4592,1.00,2.80
2010.02.11 01:11:40.463,1.45865,1.45915,1.00,1.00
2010.02.11 01:11:40.810,1.45865,1.45915,1.00,1.00
2010.02.11 01:11:41.501,1.45865,1.45915,1.00,1.00
2010.02.11 01:11:42.401,1.45875,1.4592,1.00,3.20
2010.02.11 01:11:42.959,1.45865,1.45915,1.00,1.00
2010.02.11 01:11:47.891,1.45875,1.4592,1.00,3.20
2010.02.11 01:11:49.861,1.45865,1.4592,1.00,3.20
2010.02.11 01:11:50.535,1.45865,1.45915,1.00,1.60
2010.02.11 01:11:51.380,1.45865,1.45915,1.00,1.20
2010.02.11 01:11:53.257,1.45865,1.45915,1.00,1.60
2010.02.11 01:11:54.118,1.45855,1.45915,2.80,1.70
2010.02.11 01:11:55.221,1.45865,1.45915,1.00,1.60
2010.02.11 01:11:56.682,1.45865,1.45915,1.00,1.20
2010.02.11 01:12:01.916,1.4586,1.45915,1.00,1.30
2010.02.11 01:12:02.236,1.4586,1.45915,1.00,1.70
2010.02.11 01:12:07.964,1.45865,1.45915,1.00,1.60
2010.02.11 01:12:11.295,1.4586,1.45915,1.00,1.70
2010.02.11 01:12:16.162,1.45865,1.4591,1.00,2.00
2010.02.11 01:12:16.425,1.45865,1.4591,1.00,3.20
2010.02.11 01:12:16.685,1.45865,1.4591,1.00,2.80
2010.02.11 01:12:20.669,1.45865,1.4591,1.00,3.20
2010.02.11 01:12:22.557,1.45865,1.4591,1.00,3.20
2010.02.11 01:12:28.617,1.4586,1.4591,1.00,3.30
2010.02.11 01:12:31.083,1.4586,1.4591,1.00,1.70
2010.02.11 01:12:31.604,1.4586,1.45915,1.00,1.20
2010.02.11 01:12:31.708,1.45855,1.45915,1.70,1.30
2010.02.11 01:12:32.152,1.4586,1.45915,1.00,1.20
2010.02.11 01:12:33.032,1.45855,1.45915,1.70,1.30
2010.02.11 01:12:35.421,1.45855,1.45915,1.30,1.30
2010.02.11 01:12:35.891,1.4586,1.45915,1.00,1.20
2010.02.11 01:12:36.592,1.4586,1.45915,1.00,1.30
2010.02.11 01:12:38.593,1.45865,1.45915,1.00,1.20
2010.02.11 01:12:43.256,1.4586,1.45915,1.00,1.20
2010.02.11 01:12:45.484,1.4586,1.45915,1.00,1.20
2010.02.11 01:12:45.611,1.4586,1.45915,1.00,1.70
2010.02.11 01:12:46.281,1.4586,1.45905,1.00,1.20
2010.02.11 01:12:46.537,1.4586,1.45905,1.00,1.20
2010.02.11 01:12:52.158,1.45865,1.4591,1.00,2.80
2010.02.11 01:12:53.062,1.45865,1.45905,1.00,1.20
2010.02.11 01:12:53.218,1.4586,1.45905,1.00,1.20
2010.02.11 01:12:58.181,1.4587,1.4591,1.00,3.30
2010.02.11 01:12:58.294,1.45865,1.4591,1.00,2.80
2010.02.11 01:13:03.514,1.4586,1.45905,1.00,1.20
2010.02.11 01:13:03.628,1.45855,1.459,1.00,1.20
2010.02.11 01:13:03.732,1.4586,1.459,1.00,3.20
2010.02.11 01:13:04.370,1.45855,1.45895,1.00,1.60
2010.02.11 01:13:06.226,1.4585,1.45895,1.00,1.60
2010.02.11 01:13:15.947,1.4586,1.45895,1.00,1.00
2010.02.11 01:13:16.117,1.45845,1.459,1.00,3.10
2010.02.11 01:13:17.463,1.4586,1.459,1.00,3.10
2010.02.11 01:13:18.101,1.4586,1.459,1.00,1.60
2010.02.11 01:13:18.294,1.45855,1.459,1.00,1.60
2010.02.11 01:13:18.898,1.4585,1.459,1.00,1.20
2010.02.11 01:13:21.725,1.45855,1.459,1.00,1.20
2010.02.11 01:13:23.446,1.45865,1.459,1.00,1.20
2010.02.11 01:13:24.028,1.45855,1.45905,1.00,1.60
2010.02.11 01:13:25.814,1.4586,1.45905,1.00,1.60
2010.02.11 01:13:26.308,1.45855,1.45905,1.00,1.60
2010.02.11 01:13:32.434,1.4586,1.45905,1.00,1.60
2010.02.11 01:13:32.570,1.4585,1.45905,1.00,1.20
2010.02.11 01:13:33.128,1.45855,1.4591,1.20,1.00
2010.02.11 01:13:33.353,1.4586,1.45915,1.20,1.00
2010.02.11 01:13:39.383,1.4586,1.45915,1.20,1.00
2010.02.11 01:13:40.070,1.4586,1.4591,1.20,1.00
2010.02.11 01:13:40.570,1.45855,1.45915,1.30,1.00
2010.02.11 01:13:41.795,1.45855,1.4591,1.20,1.00
2010.02.11 01:13:42.918,1.45855,1.4591,1.00,1.20
2010.02.11 01:13:48.382,1.4585,1.45905,1.00,1.30
2010.02.11 01:13:48.440,1.45855,1.45905,1.00,1.20
2010.02.11 01:13:50.382,1.4585,1.45905,1.00,1.20
2010.02.11 01:13:50.595,1.4585,1.4591,1.30,1.30
2010.02.11 01:13:53.722,1.4586,1.45915,1.00,5.60
2010.02.11 01:13:59.405,1.4586,1.4591,1.00,1.60
2010.02.11 01:14:01.195,1.4586,1.4591,1.00,3.20
2010.02.11 01:14:01.330,1.4586,1.4591,1.00,4.70
2010.02.11 01:14:01.929,1.45855,1.459,1.00,1.00
2010.02.11 01:14:02.252,1.45855,1.459,1.00,1.60
2010.02.11 01:14:04.938,1.45855,1.459,1.00,1.20
2010.02.11 01:14:09.209,1.4585,1.459,1.00,1.20
2010.02.11 01:14:09.414,1.4585,1.459,1.00,1.60
2010.02.11 01:14:09.666,1.4585,1.459,1.00,1.20
2010.02.11 01:14:10.276,1.4585,1.459,1.00,1.60
2010.02.11 01:14:18.841,1.4585,1.459,1.00,3.10
2010.02.11 01:14:24.552,1.45855,1.45895,1.00,1.60
2010.02.11 01:14:26.016,1.45855,1.4589,1.00,1.00
2010.02.11 01:14:26.573,1.45855,1.4589,1.00,1.60
2010.02.11 01:14:26.699,1.45845,1.4589,1.00,1.60
2010.02.11 01:14:27.568,1.45845,1.45885,1.00,1.00
2010.02.11 01:14:28.142,1.4584,1.4588,1.00,1.20
2010.02.11 01:14:28.508,1.45835,1.4588,1.00,1.60
2010.02.11 01:14:28.857,1.4584,1.4589,1.20,1.00
2010.02.11 01:14:29.563,1.4584,1.45895,1.20,1.00
2010.02.11 01:14:30.485,1.45845,1.45895,1.00,1.00
2010.02.11 01:14:31.438,1.4585,1.45895,1.00,1.00
2010.02.11 01:14:33.429,1.45845,1.45895,1.00,1.00
2010.02.11 01:14:35.610,1.45845,1.4589,1.00,1.00
2010.02.11 01:14:39.862,1.45845,1.45885,1.00,1.00
2010.02.11 01:14:42.107,1.45845,1.4589,1.00,1.00
2010.02.11 01:14:42.798,1.45845,1.4588,1.00,1.00
2010.02.11 01:14:43.032,1.45845,1.4589,1.00,1.60
2010.02.11 01:14:44.734,1.45835,1.45885,1.00,3.20
2010.02.11 01:14:45.441,1.45835,1.45885,1.00,4.70
2010.02.11 01:14:45.669,1.4583,1.45885,1.00,3.30
2010.02.11 01:14:45.895,1.4583,1.45885,1.00,3.20
2010.02.11 01:14:46.690,1.45835,1.45885,1.00,3.20
2010.02.11 01:14:47.502,1.45835,1.45885,1.00,2.10
2010.02.11 01:14:47.791,1.4584,1.4589,1.00,1.60
2010.02.11 01:14:48.061,1.45835,1.4589,1.00,1.60
2010.02.11 01:14:50.842,1.4584,1.4589,1.00,1.60
2010.02.11 01:14:51.098,1.45835,1.4589,1.00,1.20
2010.02.11 01:14:51.736,1.45845,1.45895,1.00,1.60
2010.02.11 01:14:52.779,1.45845,1.45895,1.00,1.20
2010.02.11 01:14:56.141,1.45845,1.45895,1.20,1.00
2010.02.11 01:14:56.244,1.45845,1.459,1.20,1.00
2010.02.11 01:14:56.348,1.4585,1.459,1.00,1.00
2010.02.11 01:14:57.678,1.45855,1.459,1.00,1.00
2010.02.11 01:14:58.085,1.45855,1.45905,1.00,1.60
2010.02.11 01:14:59.730,1.4586,1.45905,1.00,1.60
2010.02.11 01:14:59.832,1.45855,1.45905,1.00,1.60
2010.02.11 01:15:02.412,1.4586,1.45905,1.00,1.00
2010.02.11 01:15:02.526,1.4586,1.4591,1.00,3.20
2010.02.11 01:15:02.948,1.4586,1.45905,1.00,1.00
2010.02.11 01:15:06.522,1.4585,1.45905,3.30,1.00
2010.02.11 01:15:06.753,1.4586,1.45905,1.00,1.00
2010.02.11 01:15:07.408,1.45855,1.4591,1.20,1.00
2010.02.11 01:15:08.482,1.45855,1.4591,1.30,1.00
2010.02.11 01:15:09.676,1.4586,1.4591,1.00,1.00
2010.02.11 01:15:10.228,1.4586,1.45915,1.00,1.60
2010.02.11 01:15:10.832,1.4586,1.45915,1.30,1.00
2010.02.11 01:15:11.659,1.45865,1.45915,1.00,1.00
2010.02.11 01:15:12.014,1.45855,1.45905,1.00,1.00
2010.02.11 01:15:12.745,1.4586,1.45905,1.00,1.00
2010.02.11 01:15:14.232,1.45855,1.45905,1.00,1.00
2010.02.11 01:15:16.189,1.45855,1.4591,1.00,1.30
2010.02.11 01:15:16.350,1.4586,1.4591,1.00,1.00
2010.02.11 01:15:16.508,1.4586,1.4591,1.00,1.60
2010.02.11 01:15:16.740,1.4586,1.4591,1.00,1.00
2010.02.11 01:15:20.394,1.4586,1.45905,1.00,1.00
2010.02.11 01:15:20.969,1.45855,1.45905,1.30,1.00
2010.02.11 01:15:21.034,1.45855,1.45905,1.00,1.00
2010.02.11 01:15:22.217,1.45855,1.45905,1.00,1.60
2010.02.11 01:15:23.425,1.45855,1.45905,1.00,1.70
2010.02.11 01:15:25.036,1.45855,1.45905,1.00,1.30
2010.02.11 01:15:25.932,1.4586,1.4591,1.00,1.20
2010.02.11 01:15:33.601,1.45855,1.4591,1.00,1.80
2010.02.11 01:15:34.268,1.4586,1.4591,1.00,1.20
2010.02.11 01:15:35.945,1.45865,1.4591,1.00,1.20
2010.02.11 01:15:37.862,1.4586,1.45905,1.00,1.20
2010.02.11 01:15:39.244,1.45865,1.4591,1.00,1.20
2010.02.11 01:15:42.027,1.4586,1.4591,1.00,1.20
2010.02.11 01:15:43.866,1.45865,1.45915,1.00,1.20
2010.02.11 01:15:49.328,1.45865,1.4591,1.00,1.20
2010.02.11 01:15:49.606,1.4586,1.4591,1.00,1.20
2010.02.11 01:15:51.137,1.45865,1.4592,1.00,2.70
2010.02.11 01:15:51.726,1.4586,1.4592,1.30,1.30
2010.02.11 01:15:57.280,1.45865,1.4592,1.20,1.00
2010.02.11 01:15:57.446,1.4587,1.45925,1.20,1.00
2010.02.11 01:15:57.595,1.45865,1.45925,2.80,1.60
2010.02.11 01:15:58.150,1.4586,1.45925,3.30,1.60
2010.02.11 01:15:58.372,1.4586,1.4592,1.30,1.00
2010.02.11 01:15:59.248,1.4587,1.45925,1.20,1.00
2010.02.11 01:15:59.603,1.4587,1.4592,1.20,1.00
2010.02.11 01:16:00.304,1.45865,1.4592,1.00,1.00
2010.02.11 01:16:00.571,1.4587,1.4592,1.20,1.00
2010.02.11 01:16:01.673,1.4586,1.4593,3.00,1.70
2010.02.11 01:16:01.965,1.4586,1.45925,1.00,1.60
2010.02.11 01:16:02.479,1.4586,1.45925,1.00,1.60
2010.02.11 01:16:02.815,1.45865,1.45925,1.30,1.60
2010.02.11 01:16:03.630,1.45865,1.4592,1.20,1.00
2010.02.11 01:16:03.973,1.45855,1.45915,1.70,2.10
2010.02.11 01:16:04.533,1.45865,1.4591,1.20,1.00
2010.02.11 01:16:04.887,1.45865,1.4592,1.20,1.00
2010.02.11 01:16:05.698,1.45855,1.4591,1.00,1.20
2010.02.11 01:16:05.974,1.45855,1.4591,1.00,1.60
2010.02.11 01:16:06.983,1.4585,1.4591,1.30,1.70
2010.02.11 01:16:07.294,1.4585,1.45905,1.30,1.00
2010.02.11 01:16:07.810,1.4585,1.45905,1.30,1.00
2010.02.11 01:16:08.390,1.4585,1.45905,1.00,1.70
2010.02.11 01:16:08.577,1.45855,1.45905,1.00,3.10
2010.02.11 01:16:09.264,1.45855,1.45905,1.00,4.70
2010.02.11 01:16:09.458,1.4585,1.459,1.00,1.00
2010.02.11 01:16:10.609,1.45855,1.459,1.00,1.00
2010.02.11 01:16:10.859,1.4585,1.459,1.00,1.60
2010.02.11 01:16:12.002,1.4585,1.459,1.00,1.20
2010.02.11 01:16:12.760,1.45855,1.45905,1.00,4.80
2010.02.11 01:16:13.480,1.45855,1.459,1.00,1.20
2010.02.11 01:16:13.805,1.45845,1.459,1.00,1.20
2010.02.11 01:16:14.587,1.45855,1.45905,1.20,1.00
2010.02.11 01:16:14.888,1.45855,1.4591,1.20,3.50
2010.02.11 01:16:15.740,1.45855,1.4591,1.30,3.50
2010.02.11 01:16:16.428,1.4586,1.4591,1.00,3.50
2010.02.11 01:16:17.650,1.45855,1.4591,1.30,3.50
2010.02.11 01:16:18.670,1.45855,1.45905,1.20,1.00
2010.02.11 01:16:18.830,1.4585,1.45905,1.30,1.00
2010.02.11 01:16:19.976,1.4585,1.45905,1.30,1.00
2010.02.11 01:16:20.136,1.45855,1.45905,1.20,1.00
2010.02.11 01:16:20.744,1.45855,1.4591,1.00,1.30
2010.02.11 01:16:21.101,1.4586,1.4591,1.20,1.00
2010.02.11 01:16:21.812,1.45865,1.45915,1.00,1.00
2010.02.11 01:16:22.772,1.45855,1.4591,1.00,2.70
2010.02.11 01:16:22.859,1.45855,1.4591,1.00,4.30
2010.02.11 01:16:22.951,1.4585,1.4591,1.00,4.40
2010.02.11 01:16:23.536,1.4585,1.45905,1.00,1.20
2010.02.11 01:16:23.639,1.4585,1.45905,1.00,1.20
2010.02.11 01:16:24.234,1.4585,1.45905,1.00,1.20
2010.02.11 01:16:24.956,1.4586,1.4591,1.00,4.30
2010.02.11 01:16:26.346,1.45855,1.45915,1.70,2.80
2010.02.11 01:16:26.678,1.45855,1.45915,1.30,1.70
2010.02.11 01:16:27.178,1.45855,1.45915,1.30,1.30
2010.02.11 01:16:27.615,1.45855,1.45915,1.30,2.80
2010.02.11 01:16:27.944,1.45855,1.45915,1.30,3.20
2010.02.11 01:16:29.772,1.45855,1.45915,1.70,2.80
2010.02.11 01:16:29.831,1.45865,1.45915,1.00,1.60
2010.02.11 01:16:30.000,1.45865,1.45915,1.00,1.50
2010.02.11 01:16:30.514,1.4586,1.4592,1.50,2.80
2010.02.11 01:16:36.277,1.45865,1.45915,1.00,1.00
2010.02.11 01:16:44.260,1.4586,1.4591,1.30,1.00
2010.02.11 01:16:45.755,1.45865,1.45915,1.00,1.00
2010.02.11 01:16:53.156,1.45855,1.45915,1.70,1.30
2010.02.11 01:16:53.459,1.4586,1.45915,1.00,2.70
2010.02.11 01:16:54.187,1.4586,1.45915,1.00,3.10
2010.02.11 01:16:58.916,1.4586,1.45915,1.00,2.70
2010.02.11 01:16:59.961,1.4586,1.45915,1.00,3.10
2010.02.11 01:17:01.320,1.45865,1.45915,1.00,3.10
2010.02.11 01:17:02.929,1.45855,1.4591,1.30,1.00
2010.02.11 01:17:03.141,1.45855,1.4591,1.00,1.20
2010.02.11 01:17:03.712,1.45855,1.459,1.00,1.20
2010.02.11 01:17:03.818,1.4586,1.459,1.00,1.20
2010.02.11 01:17:05.543,1.45855,1.459,1.00,1.20
2010.02.11 01:17:05.898,1.45855,1.45895,1.00,1.20
2010.02.11 01:17:07.931,1.4586,1.4591,1.20,1.00
2010.02.11 01:17:08.154,1.4586,1.45915,1.60,1.20
2010.02.11 01:17:09.072,1.4586,1.45915,1.20,1.20
2010.02.11 01:17:09.586,1.45865,1.45915,1.00,1.20
2010.02.11 01:17:10.279,1.4587,1.4591,1.00,1.20
2010.02.11 01:17:10.500,1.4587,1.4591,1.00,1.20
2010.02.11 01:17:12.687,1.4586,1.4591,1.60,1.20
2010.02.11 01:17:12.878,1.45865,1.45925,1.70,1.70
2010.02.11 01:17:13.067,1.45865,1.45925,2.40,1.60
2010.02.11 01:17:13.442,1.4587,1.45925,1.00,1.20
2010.02.11 01:17:14.624,1.45875,1.45925,1.00,1.20
2010.02.11 01:17:15.805,1.4588,1.45925,1.00,1.20
2010.02.11 01:17:18.810,1.4588,1.4593,1.00,2.80
2010.02.11 01:17:19.212,1.4588,1.45925,1.00,1.20
2010.02.11 01:17:19.803,1.45875,1.4593,1.20,1.60
2010.02.11 01:17:20.058,1.45875,1.45935,1.30,1.20
2010.02.11 01:17:21.587,1.4588,1.45935,1.00,1.20
2010.02.11 01:17:22.173,1.4588,1.45925,1.00,1.20
2010.02.11 01:17:25.457,1.4587,1.45925,1.00,1.20
2010.02.11 01:17:26.295,1.4588,1.45925,1.00,1.20
2010.02.11 01:17:26.638,1.4588,1.45935,1.20,2.30
2010.02.11 01:17:27.445,1.4588,1.45935,1.20,1.30
2010.02.11 01:17:27.771,1.4588,1.4593,1.00,1.20
2010.02.11 01:17:28.945,1.45885,1.45945,1.70,1.60
2010.02.11 01:17:30.156,1.4589,1.45945,1.00,1.60
2010.02.11 01:17:30.392,1.45895,1.45945,1.00,1.60
2010.02.11 01:17:31.908,1.45895,1.45945,1.00,1.20
2010.02.11 01:17:32.233,1.45895,1.45955,1.00,3.80
2010.02.11 01:17:32.597,1.45895,1.45955,1.00,3.20
2010.02.11 01:17:33.232,1.45895,1.45945,1.00,1.60
2010.02.11 01:17:33.447,1.4589,1.45945,1.00,1.60
2010.02.11 01:17:35.122,1.45895,1.4595,1.00,3.30
2010.02.11 01:17:36.668,1.4589,1.45945,1.00,1.80
2010.02.11 01:17:36.925,1.4589,1.45945,1.00,1.60
2010.02.11 01:17:37.416,1.4589,1.45945,2.90,1.00
2010.02.11 01:17:38.021,1.45895,1.45945,1.00,1.00
2010.02.11 01:17:38.259,1.45895,1.4595,1.00,3.30
2010.02.11 01:17:38.497,1.45895,1.45945,1.00,1.00
2010.02.11 01:17:40.248,1.45895,1.4594,1.00,1.00
2010.02.11 01:17:40.376,1.4589,1.45945,1.00,1.60
2010.02.11 01:17:40.442,1.45885,1.4594,1.00,1.20
2010.02.11 01:17:40.997,1.4589,1.45945,1.00,1.70
2010.02.11 01:17:41.078,1.4589,1.45945,1.00,1.60
2010.02.11 01:17:43.458,1.4589,1.4595,3.30,3.30
2010.02.11 01:17:43.606,1.45895,1.4595,1.00,3.30
2010.02.11 01:17:44.278,1.4589,1.4594,3.20,1.00
2010.02.11 01:17:44.528,1.45895,1.4594,1.20,1.00
2010.02.11 01:17:45.446,1.4589,1.45945,1.00,1.20
2010.02.11 01:17:45.798,1.45895,1.45945,1.00,1.20
2010.02.11 01:17:46.355,1.45895,1.4595,1.00,1.00
2010.02.11 01:17:46.698,1.45895,1.45955,1.00,1.60
2010.02.11 01:17:46.937,1.45885,1.4595,5.00,1.00
2010.02.11 01:17:47.634,1.4589,1.45955,1.00,1.70
2010.02.11 01:17:47.984,1.4589,1.4595,1.00,1.00
2010.02.11 01:17:49.822,1.4589,1.45945,1.00,1.00
2010.02.11 01:17:50.375,1.4589,1.45945,1.00,1.20
2010.02.11 01:17:52.103,1.4589,1.45945,1.00,1.20
2010.02.11 01:17:53.693,1.459,1.45945,1.00,1.20
2010.02.11 01:17:54.784,1.4589,1.45945,1.00,1.20
2010.02.11 01:17:58.336,1.45895,1.45945,1.00,1.20
2010.02.11 01:18:00.363,1.45895,1.4594,1.00,1.20
2010.02.11 01:18:00.488,1.4589,1.4594,1.00,1.20
2010.02.11 01:18:01.176,1.4589,1.45945,1.00,1.20
2010.02.11 01:18:07.647,1.459,1.4595,1.00,1.20
2010.02.11 01:18:08.492,1.45895,1.4595,1.00,1.20
2010.02.11 01:18:08.617,1.4589,1.45945,1.00,1.20
2010.02.11 01:18:14.810,1.459,1.45945,1.00,1.20
2010.02.11 01:18:14.932,1.459,1.4595,1.00,1.20
2010.02.11 01:18:17.960,1.45895,1.4595,1.00,1.30
2010.02.11 01:18:19.508,1.4589,1.45945,1.00,1.20
2010.02.11 01:18:20.636,1.4589,1.4594,1.00,1.20
2010.02.11 01:18:22.423,1.45885,1.45945,1.40,1.30
2010.02.11 01:18:23.297,1.45885,1.4594,3.00,1.00
2010.02.11 01:18:24.080,1.4589,1.4594,1.20,1.00
2010.02.11 01:18:24.302,1.4589,1.4595,1.30,1.70
2010.02.11 01:18:26.167,1.4589,1.4595,1.80,1.30
2010.02.11 01:18:26.328,1.45895,1.4595,1.20,1.00
2010.02.11 01:18:32.305,1.45895,1.45945,1.60,1.00
2010.02.11 01:18:32.482,1.4589,1.45945,1.20,1.00
2010.02.11 01:18:33.094,1.45885,1.4595,3.20,1.60
2010.02.11 01:18:33.802,1.45885,1.4595,1.20,3.10
2010.02.11 01:18:34.045,1.45885,1.45945,1.20,1.00
2010.02.11 01:18:34.486,1.45885,1.45945,1.20,1.00
2010.02.11 01:18:34.836,1.45885,1.45935,1.20,1.00
2010.02.11 01:18:35.393,1.45885,1.4593,1.20,1.00
2010.02.11 01:18:36.281,1.45885,1.4594,1.20,1.70
2010.02.11 01:18:36.861,1.45885,1.4594,1.20,1.30
2010.02.11 01:18:37.098,1.45885,1.4594,1.20,1.70
2010.02.11 01:18:38.254,1.45885,1.4594,1.20,1.30
2010.02.11 01:18:38.970,1.45885,1.4594,1.20,1.70
2010.02.11 01:18:43.084,1.45885,1.45935,1.20,1.00
2010.02.11 01:18:43.674,1.45875,1.45925,1.00,1.20
2010.02.11 01:18:43.841,1.4587,1.45925,1.30,1.20
2010.02.11 01:18:45.448,1.4587,1.45925,1.30,1.30
2010.02.11 01:18:47.939,1.45875,1.45925,1.00,1.20
2010.02.11 01:18:48.603,1.4588,1.4593,1.20,1.00
2010.02.11 01:18:48.829,1.45885,1.45935,1.20,1.00
2010.02.11 01:18:53.005,1.45885,1.4593,1.20,1.00
2010.02.11 01:18:54.023,1.4588,1.4593,1.20,1.00
2010.02.11 01:18:54.281,1.4588,1.45925,1.20,1.00
2010.02.11 01:18:55.174,1.4588,1.4592,1.20,1.00
2010.02.11 01:18:55.518,1.45885,1.4593,1.20,1.00
2010.02.11 01:18:59.584,1.4589,1.4593,1.20,1.00
2010.02.11 01:18:59.688,1.4589,1.45925,1.20,1.00
2010.02.11 01:19:13.569,1.4588,1.4593,1.00,1.00
2010.02.11 01:19:14.315,1.45865,1.4592,1.70,3.10
2010.02.11 01:19:14.515,1.45865,1.4592,1.20,3.10
2010.02.11 01:19:15.494,1.45865,1.4591,1.20,1.00
2010.02.11 01:19:17.050,1.4587,1.4591,1.20,1.00
2010.02.11 01:19:23.381,1.45865,1.45905,1.20,1.00
2010.02.11 01:19:29.403,1.45865,1.45915,1.20,1.00
2010.02.11 01:19:31.240,1.45855,1.4591,2.30,1.00
2010.02.11 01:19:32.278,1.45855,1.4591,1.00,3.30
2010.02.11 01:19:32.642,1.45845,1.459,2.80,1.00
2010.02.11 01:19:32.829,1.45855,1.45905,1.00,1.20
2010.02.11 01:19:33.357,1.45855,1.459,1.00,1.20
2010.02.11 01:19:33.557,1.45855,1.45905,1.20,1.00
2010.02.11 01:19:35.304,1.45855,1.459,1.20,1.60
2010.02.11 01:19:35.462,1.45855,1.459,1.20,2.00
2010.02.11 01:19:37.404,1.4585,1.459,1.20,2.10
2010.02.11 01:19:37.981,1.45855,1.459,1.20,2.00
2010.02.11 01:19:38.987,1.45855,1.459,1.20,2.10
2010.02.11 01:19:39.257,1.45855,1.459,1.20,2.00
2010.02.11 01:19:39.439,1.4585,1.45895,1.20,1.00
2010.02.11 01:19:40.240,1.4585,1.459,1.20,2.00
2010.02.11 01:19:40.465,1.4585,1.45895,1.20,1.00
2010.02.11 01:19:41.281,1.4585,1.459,1.20,2.10
2010.02.11 01:19:45.993,1.45855,1.459,1.20,2.00
2010.02.11 01:19:46.526,1.45855,1.459,1.20,1.60
2010.02.11 01:19:47.424,1.45855,1.459,1.20,1.70
2010.02.11 01:19:51.962,1.4587,1.459,1.20,1.70
2010.02.11 01:19:58.809,1.4587,1.4589,1.20,1.00
2010.02.11 01:19:59.330,1.4588,1.4589,1.20,1.00
2010.02.11 01:19:59.459,1.4588,1.459,1.20,1.00
2010.02.11 01:20:00.220,1.45885,1.4591,1.20,1.00
2010.02.11 01:20:01.029,1.4586,1.4591,1.10,1.00
2010.02.11 01:20:01.392,1.4585,1.45905,2.30,1.60
2010.02.11 01:20:01.742,1.4585,1.45905,1.70,1.60
2010.02.11 01:20:02.015,1.4585,1.45905,1.20,1.60
2010.02.11 01:20:02.568,1.45855,1.45905,1.70,1.00
2010.02.11 01:20:02.846,1.4586,1.45895,1.20,1.00
2010.02.11 01:20:04.082,1.4586,1.459,1.20,1.00
2010.02.11 01:20:05.340,1.4586,1.45905,1.20,1.00
2010.02.11 01:20:05.502,1.4586,1.45895,1.20,1.00
2010.02.11 01:20:06.057,1.4586,1.45905,1.20,1.00
2010.02.11 01:20:06.378,1.4586,1.459,1.20,1.00
2010.02.11 01:20:08.480,1.4586,1.4591,1.30,1.00
2010.02.11 01:20:13.876,1.45855,1.45915,1.20,1.20
2010.02.11 01:20:14.031,1.45865,1.45915,1.20,1.00
2010.02.11 01:20:14.579,1.45855,1.45915,1.70,1.00
2010.02.11 01:20:14.932,1.45855,1.45915,1.20,1.00
2010.02.11 01:20:15.955,1.45855,1.45915,1.30,1.00
2010.02.11 01:20:19.450,1.45855,1.45915,1.30,1.30
2010.02.11 01:20:19.596,1.45855,1.4591,1.30,1.70
2010.02.11 01:20:20.212,1.45855,1.4591,1.00,4.30
2010.02.11 01:20:20.386,1.45855,1.4591,1.00,1.20
2010.02.11 01:20:20.560,1.45855,1.45915,1.00,3.60
2010.02.11 01:20:20.727,1.45855,1.4591,1.00,1.00
2010.02.11 01:20:23.873,1.45855,1.459,1.00,1.60
2010.02.11 01:20:24.073,1.45845,1.459,1.00,3.20
2010.02.11 01:20:24.952,1.4585,1.4589,1.00,1.60
2010.02.11 01:20:25.272,1.45845,1.45895,1.00,1.00
2010.02.11 01:20:26.015,1.45845,1.459,1.00,2.00
2010.02.11 01:20:26.651,1.4585,1.459,1.00,2.00
2010.02.11 01:20:27.705,1.4585,1.4591,1.00,6.60
2010.02.11 01:20:28.312,1.4585,1.4591,1.00,6.40
2010.02.11 01:20:29.036,1.4585,1.45905,1.00,1.00
2010.02.11 01:20:31.096,1.4585,1.4591,1.00,6.40
2010.02.11 01:20:31.327,1.4585,1.459,1.30,1.00
2010.02.11 01:20:31.542,1.4585,1.459,1.20,1.00
2010.02.11 01:20:32.212,1.4585,1.459,1.00,1.00
2010.02.11 01:20:32.498,1.4585,1.4591,1.00,3.20
2010.02.11 01:20:32.777,1.4585,1.4591,1.00,3.30
2010.02.11 01:20:37.070,1.4585,1.4591,1.00,4.80
2010.02.11 01:20:44.195,1.45845,1.45905,1.30,1.00
2010.02.11 01:20:46.051,1.45845,1.45905,1.90,1.00
2010.02.11 01:20:46.580,1.4585,1.45905,1.60,1.00
2010.02.11 01:20:46.749,1.45855,1.45905,1.00,1.00
2010.02.11 01:20:54.335,1.45855,1.459,1.00,1.00
2010.02.11 01:21:09.807,1.4585,1.459,1.20,1.00
2010.02.11 01:21:12.864,1.45855,1.4591,1.00,2.90
2010.02.11 01:21:16.662,1.4585,1.459,1.20,1.00
2010.02.11 01:21:16.993,1.45855,1.4591,1.00,3.30
2010.02.11 01:21:19.495,1.45845,1.45895,1.00,2.00
2010.02.11 01:21:22.252,1.4585,1.4589,1.00,2.00
2010.02.11 01:21:25.508,1.4585,1.4589,1.00,2.00
2010.02.11 01:21:26.811,1.45835,1.45885,1.00,1.00
2010.02.11 01:21:35.323,1.4584,1.45885,1.00,1.00
2010.02.11 01:21:36.887,1.45845,1.4589,1.00,2.00
2010.02.11 01:21:37.620,1.45845,1.45885,1.00,1.00
2010.02.11 01:21:38.756,1.45845,1.4589,1.00,2.00
2010.02.11 01:21:41.499,1.4584,1.4589,1.00,2.00
2010.02.11 01:21:42.189,1.45835,1.4589,1.30,2.10
2010.02.11 01:21:43.307,1.4584,1.4589,1.00,2.10
2010.02.11 01:21:58.096,1.4583,1.4589,3.90,3.30
2010.02.11 01:21:58.650,1.4583,1.4588,1.00,1.00
2010.02.11 01:21:58.921,1.4583,1.45885,1.30,1.00
2010.02.11 01:22:00.035,1.45835,1.45885,1.00,1.00
2010.02.11 01:22:07.328,1.4584,1.45885,1.00,1.00
2010.02.11 01:22:21.248,1.45835,1.45885,1.00,1.00
2010.02.11 01:22:21.760,1.45835,1.45885,1.00,1.00
2010.02.11 01:22:21.797,1.45835,1.4588,1.00,1.00
2010.02.11 01:22:22.127,1.45835,1.45885,1.00,1.00
2010.02.11 01:22:31.632,1.4584,1.45885,1.00,1.00
2010.02.11 01:22:42.470,1.4584,1.45875,1.00,1.60
2010.02.11 01:22:42.758,1.45835,1.45885,1.00,1.20
2010.02.11 01:22:42.984,1.45835,1.4589,1.00,3.20
2010.02.11 01:22:43.214,1.45835,1.45885,1.00,1.00
2010.02.11 01:22:44.051,1.45835,1.4589,1.30,2.00
2010.02.11 01:22:44.193,1.45835,1.4589,1.30,2.10
2010.02.11 01:22:46.306,1.4584,1.4589,1.00,2.00
2010.02.11 01:22:48.289,1.45835,1.45885,1.70,1.00
2010.02.11 01:22:48.520,1.45835,1.45885,2.30,1.00
2010.02.11 01:22:50.262,1.45835,1.4589,2.40,2.00
2010.02.11 01:22:50.910,1.4584,1.45895,3.30,1.00
2010.02.11 01:22:51.098,1.45855,1.459,1.20,1.00
2010.02.11 01:22:51.789,1.45855,1.45905,1.20,1.00
2010.02.11 01:22:51.960,1.45855,1.459,1.20,1.00
2010.02.11 01:22:52.747,1.45865,1.459,1.20,1.00
2010.02.11 01:22:54.413,1.45865,1.45905,1.20,1.00
2010.02.11 01:22:56.286,1.4586,1.45905,1.20,1.00
2010.02.11 01:22:57.026,1.45855,1.45905,1.20,1.00
2010.02.11 01:22:58.470,1.45855,1.45905,1.20,1.00
2010.02.11 01:22:59.950,1.45855,1.459,1.20,1.00
2010.02.11 01:23:02.852,1.45855,1.45905,1.20,1.00
2010.02.11 01:23:02.976,1.45855,1.4591,1.20,1.00
2010.02.11 01:23:03.845,1.45855,1.4591,1.60,1.00
2010.02.11 01:23:04.028,1.45855,1.45915,1.70,1.30
2010.02.11 01:23:04.208,1.4586,1.45915,1.20,1.00
2010.02.11 01:23:05.571,1.4586,1.45915,1.30,1.00
2010.02.11 01:23:06.199,1.4586,1.45905,1.20,1.00
2010.02.11 01:23:06.873,1.4586,1.4591,1.00,2.00
2010.02.11 01:23:10.606,1.45855,1.4591,1.30,2.00
2010.02.11 01:23:11.006,1.4586,1.45915,1.20,1.60
2010.02.11 01:23:11.544,1.4586,1.45915,1.20,2.00
2010.02.11 01:23:17.577,1.4586,1.4591,1.30,1.00
2010.02.11 01:23:17.637,1.4586,1.4591,1.30,2.00
2010.02.11 01:23:18.179,1.4586,1.4591,1.00,2.00
2010.02.11 01:23:20.207,1.4585,1.45905,1.30,1.00
2010.02.11 01:23:22.937,1.4585,1.459,1.30,2.00
2010.02.11 01:23:23.211,1.45855,1.459,1.00,2.00
2010.02.11 01:23:24.321,1.45855,1.459,1.00,2.00
2010.02.11 01:23:28.991,1.45845,1.459,1.00,3.20
2010.02.11 01:23:35.539,1.45845,1.459,1.00,4.70
2010.02.11 01:23:37.294,1.4585,1.459,1.00,4.70
2010.02.11 01:23:38.507,1.4585,1.45895,1.00,1.00
2010.02.11 01:23:40.091,1.4585,1.4589,1.00,1.60
2010.02.11 01:23:40.263,1.45855,1.4589,1.00,2.00
2010.02.11 01:23:41.554,1.45845,1.4589,1.00,2.00
2010.02.11 01:23:53.063,1.45845,1.4589,1.00,1.60
2010.02.11 01:23:53.537,1.4585,1.4589,1.00,1.60
2010.02.11 01:23:54.020,1.4585,1.4589,1.00,2.00
2010.02.11 01:23:56.074,1.4585,1.4589,1.00,1.00
2010.02.11 01:23:56.169,1.4585,1.45895,1.00,1.20
2010.02.11 01:23:56.359,1.4585,1.459,1.00,3.20
2010.02.11 01:23:56.903,1.4585,1.459,1.00,1.60
2010.02.11 01:23:57.267,1.45855,1.4591,1.00,4.70
2010.02.11 01:24:01.459,1.4585,1.459,1.00,1.20
2010.02.11 01:24:01.679,1.45845,1.459,1.00,1.20
2010.02.11 01:24:01.893,1.45845,1.45905,1.30,1.00
2010.02.11 01:24:04.032,1.45855,1.4591,1.00,4.70
2010.02.11 01:24:05.093,1.4585,1.45905,1.30,1.00
2010.02.11 01:24:11.384,1.4585,1.4591,1.30,3.30
2010.02.11 01:24:12.989,1.4585,1.45905,1.30,1.00
2010.02.11 01:24:13.310,1.45855,1.45905,1.00,1.00
2010.02.11 01:24:16.875,1.45855,1.4591,1.00,6.40
2010.02.11 01:24:17.773,1.4586,1.45915,1.20,1.00
2010.02.11 01:24:19.403,1.4586,1.4591,1.20,1.00
2010.02.11 01:24:26.386,1.4586,1.4591,1.30,1.00
2010.02.11 01:24:28.834,1.4586,1.45915,1.30,1.00
2010.02.11 01:24:31.498,1.4586,1.45905,1.20,1.00
2010.02.11 01:24:31.632,1.4586,1.45905,1.20,1.00
2010.02.11 01:24:35.583,1.4587,1.4591,1.20,1.00
2010.02.11 01:24:36.338,1.45865,1.45915,1.60,1.00
2010.02.11 01:24:37.037,1.45865,1.4592,1.60,1.00
2010.02.11 01:24:38.115,1.45865,1.45915,1.60,1.00
2010.02.11 01:24:38.334,1.45865,1.4592,1.60,1.00
2010.02.11 01:24:40.813,1.45865,1.4592,1.20,1.00
2010.02.11 01:24:41.035,1.4587,1.45925,1.00,1.20
2010.02.11 01:24:41.230,1.4587,1.45925,1.00,1.60
2010.02.11 01:24:41.884,1.4587,1.45925,1.20,1.00
2010.02.11 01:24:42.430,1.4587,1.45925,1.30,1.00
2010.02.11 01:24:42.634,1.4587,1.45925,1.30,1.00
2010.02.11 01:24:43.830,1.4587,1.45925,1.20,1.00
2010.02.11 01:24:50.402,1.4587,1.45925,1.30,1.00
2010.02.11 01:25:04.083,1.45875,1.4593,2.00,4.80
2010.02.11 01:25:07.618,1.45875,1.4593,2.00,3.20
2010.02.11 01:25:07.947,1.45875,1.4593,2.00,2.10
2010.02.11 01:25:08.074,1.45875,1.4593,1.00,3.20
2010.02.11 01:25:08.216,1.4587,1.45925,1.80,1.00
2010.02.11 01:25:08.836,1.45875,1.4593,1.20,1.70
2010.02.11 01:25:08.966,1.45875,1.45935,1.20,1.50
2010.02.11 01:25:09.697,1.45875,1.45925,1.20,1.00
2010.02.11 01:25:10.437,1.45875,1.4593,1.20,1.00
2010.02.11 01:25:16.067,1.45885,1.4593,1.00,1.00
2010.02.11 01:25:16.760,1.4589,1.45935,1.20,1.00
2010.02.11 01:25:18.279,1.4589,1.45925,1.20,1.00
2010.02.11 01:25:19.745,1.4589,1.45935,1.20,1.00
2010.02.11 01:25:20.776,1.4588,1.45925,1.20,1.00
2010.02.11 01:25:21.043,1.4588,1.4593,1.20,1.00
2010.02.11 01:25:21.788,1.45875,1.45925,1.20,2.00
2010.02.11 01:25:22.640,1.45875,1.4592,1.20,1.00
2010.02.11 01:25:23.938,1.45875,1.45915,1.20,1.00
2010.02.11 01:25:28.126,1.45865,1.45915,1.30,1.00
2010.02.11 01:25:28.288,1.45865,1.4592,1.70,1.00
2010.02.11 01:25:28.854,1.45865,1.45915,1.30,1.00
2010.02.11 01:25:29.494,1.45865,1.45915,1.00,2.00
2010.02.11 01:25:29.672,1.4586,1.4592,1.30,1.60
2010.02.11 01:25:29.829,1.45865,1.45915,1.20,1.00
2010.02.11 01:25:30.513,1.4587,1.4592,1.20,1.00
2010.02.11 01:25:30.862,1.4587,1.45915,1.20,1.00
2010.02.11 01:25:36.109,1.4586,1.45915,1.70,1.00
2010.02.11 01:25:36.375,1.45855,1.4591,1.60,1.00
2010.02.11 01:25:36.641,1.45855,1.4591,1.20,1.00
2010.02.11 01:25:38.346,1.45855,1.4591,1.20,1.00
2010.02.11 01:25:42.803,1.45855,1.45905,1.20,1.00
2010.02.11 01:25:46.599,1.4585,1.45905,1.30,1.00
2010.02.11 01:25:46.824,1.4585,1.459,1.00,1.00
2010.02.11 01:25:50.063,1.4585,1.4591,1.20,1.00
2010.02.11 01:25:50.347,1.4585,1.45905,1.20,1.00
2010.02.11 01:25:52.009,1.4585,1.4591,1.20,1.00
2010.02.11 01:25:53.275,1.4585,1.4591,1.80,1.00
2010.02.11 01:25:53.808,1.4585,1.4591,2.40,1.00
2010.02.11 01:25:57.729,1.4585,1.459,1.10,1.00
2010.02.11 01:26:00.745,1.4585,1.459,1.00,1.00
2010.02.11 01:26:00.873,1.45845,1.459,1.20,1.00
2010.02.11 01:26:01.474,1.4585,1.45895,1.00,1.20
2010.02.11 01:26:01.750,1.45835,1.45885,1.00,1.20
2010.02.11 01:26:02.525,1.4583,1.45885,1.00,1.20
2010.02.11 01:26:02.796,1.4583,1.45885,1.00,1.60
2010.02.11 01:26:03.471,1.4583,1.45885,1.00,1.60
2010.02.11 01:26:03.796,1.4583,1.4588,1.00,1.60
2010.02.11 01:26:04.922,1.4583,1.4588,1.00,1.70
2010.02.11 01:26:05.469,1.45825,1.4588,1.00,1.70
2010.02.11 01:26:07.612,1.4583,1.4588,1.00,1.00
2010.02.11 01:26:07.789,1.4583,1.45885,1.00,1.20
2010.02.11 01:26:10.770,1.4583,1.45885,1.00,1.60
2010.02.11 01:26:13.333,1.45825,1.4588,1.20,1.00
2010.02.11 01:26:15.091,1.45825,1.4587,1.20,1.60
2010.02.11 01:26:15.314,1.45815,1.4586,1.00,1.20
2010.02.11 01:26:15.912,1.4581,1.4586,1.00,1.20
2010.02.11 01:26:16.975,1.45815,1.4586,1.00,1.20
2010.02.11 01:26:17.661,1.4581,1.4586,1.00,1.20
2010.02.11 01:26:24.358,1.45815,1.4586,1.00,1.20
2010.02.11 01:26:26.100,1.45815,1.4586,1.00,2.80
2010.02.11 01:26:26.238,1.4581,1.4585,1.00,1.20
2010.02.11 01:26:29.855,1.4581,1.4586,1.00,1.60
2010.02.11 01:26:29.992,1.4581,1.4586,1.00,1.20
2010.02.11 01:26:39.268,1.45815,1.4586,1.00,1.20
2010.02.11 01:26:44.174,1.45815,1.4587,1.00,2.70
2010.02.11 01:26:44.323,1.45815,1.4587,1.00,1.20
2010.02.11 01:26:44.906,1.4581,1.4587,1.00,1.30
2010.02.11 01:26:48.004,1.4581,1.45865,1.20,1.00
2010.02.11 01:26:49.465,1.4581,1.45865,1.20,1.00
2010.02.11 01:26:56.559,1.4581,1.45865,1.30,1.00
2010.02.11 01:26:58.407,1.45815,1.4587,1.00,1.30
2010.02.11 01:26:58.997,1.45815,1.4587,1.30,1.00
2010.02.11 01:27:05.664,1.45815,1.4587,1.20,1.00
2010.02.11 01:27:05.875,1.4581,1.45865,1.30,1.00
2010.02.11 01:27:08.241,1.4581,1.4587,1.30,3.20
2010.02.11 01:27:08.561,1.4581,1.4587,1.30,1.70
2010.02.11 01:27:14.415,1.4581,1.45865,1.30,1.00
2010.02.11 01:27:16.837,1.4581,1.4586,1.20,1.00
2010.02.11 01:27:16.970,1.45805,1.4586,1.90,1.00
2010.02.11 01:27:17.193,1.45805,1.4586,1.30,1.00
2010.02.11 01:27:24.268,1.4581,1.4586,1.00,1.00
2010.02.11 01:27:35.092,1.4581,1.4586,1.00,1.00
2010.02.11 01:27:35.283,1.4581,1.4587,1.30,1.70
2010.02.11 01:27:40.260,1.4581,1.4587,1.90,1.70
2010.02.11 01:27:40.467,1.4581,1.4587,2.40,1.70
2010.02.11 01:27:44.298,1.45815,1.4587,1.00,1.70
2010.02.11 01:28:01.178,1.45815,1.4587,1.00,1.60
2010.02.11 01:28:01.371,1.45815,1.45875,1.70,1.00
2010.02.11 01:28:01.775,1.45815,1.4587,1.90,1.00
2010.02.11 01:28:02.821,1.4582,1.4587,1.00,1.00
2010.02.11 01:28:03.495,1.4582,1.4587,1.00,1.00
2010.02.11 01:28:03.666,1.4582,1.4587,1.20,1.00
2010.02.11 01:28:03.815,1.4582,1.4587,1.00,1.00
2010.02.11 01:28:03.968,1.4582,1.4587,1.00,1.00
2010.02.11 01:28:04.427,1.45815,1.4587,1.60,1.00
2010.02.11 01:28:04.968,1.4581,1.4587,1.30,1.70
2010.02.11 01:28:05.137,1.4582,1.4587,1.00,1.60
2010.02.11 01:28:12.117,1.45815,1.4586,1.00,1.00
2010.02.11 01:28:15.817,1.45815,1.45865,1.00,1.20
2010.02.11 01:28:16.111,1.45815,1.45875,1.20,1.60
2010.02.11 01:28:16.859,1.45815,1.4587,1.20,1.00
2010.02.11 01:28:23.054,1.45815,1.4587,1.30,1.00
2010.02.11 01:28:23.264,1.45815,1.4587,1.00,1.60
2010.02.11 01:28:27.462,1.4581,1.4587,1.30,1.70
2010.02.11 01:28:28.468,1.45815,1.4587,1.00,1.60
2010.02.11 01:28:29.095,1.4582,1.4587,1.00,1.60
2010.02.11 01:28:31.715,1.4582,1.4587,1.00,1.20
2010.02.11 01:28:54.756,1.4582,1.4587,1.00,1.60
2010.02.11 01:28:55.860,1.4582,1.4587,1.00,1.20
2010.02.11 01:29:00.154,1.4583,1.4587,1.00,1.20
2010.02.11 01:29:04.160,1.4582,1.4587,1.00,1.20
2010.02.11 01:29:04.258,1.45825,1.4588,1.60,3.10
2010.02.11 01:29:04.368,1.45825,1.45885,3.20,7.10
2010.02.11 01:29:04.933,1.45825,1.45885,3.20,4.00
2010.02.11 01:29:05.063,1.45825,1.45885,3.20,3.20
2010.02.11 01:29:05.271,1.4583,1.45885,1.00,3.20
2010.02.11 01:29:05.448,1.4583,1.45885,1.00,3.20
2010.02.11 01:29:06.435,1.45835,1.45885,1.00,3.20
2010.02.11 01:29:07.977,1.4584,1.45885,1.00,5.20
2010.02.11 01:29:08.233,1.4584,1.45885,1.00,5.80
2010.02.11 01:29:08.832,1.4584,1.45885,1.00,5.20
2010.02.11 01:29:09.044,1.4584,1.45885,1.00,4.70
2010.02.11 01:29:10.123,1.45825,1.45875,3.20,1.00
2010.02.11 01:29:10.811,1.45825,1.45875,2.80,1.00
2010.02.11 01:29:10.886,1.45825,1.45875,2.80,1.00
2010.02.11 01:29:12.288,1.45825,1.45875,2.80,1.00
2010.02.11 01:29:16.937,1.45835,1.4588,1.00,3.50
2010.02.11 01:29:17.117,1.45835,1.4588,1.00,1.00
2010.02.11 01:29:25.797,1.45835,1.4588,1.00,1.60
2010.02.11 01:29:26.556,1.4584,1.45885,1.00,3.20
2010.02.11 01:29:26.881,1.4583,1.45885,2.80,1.00
2010.02.11 01:29:27.694,1.4583,1.4589,2.80,1.70
2010.02.11 01:29:30.732,1.4583,1.4589,2.30,1.70
2010.02.11 01:29:30.850,1.4583,1.4589,1.70,1.70
2010.02.11 01:29:34.203,1.4583,1.45885,1.60,1.00
2010.02.11 01:29:35.305,1.4583,1.4588,1.60,1.00
2010.02.11 01:29:38.780,1.45835,1.4589,1.00,1.70
2010.02.11 01:29:40.145,1.4584,1.45885,1.00,1.00
2010.02.11 01:29:40.382,1.45835,1.45885,1.60,1.60
2010.02.11 01:29:40.620,1.4583,1.45885,1.00,3.20
2010.02.11 01:29:41.135,1.4583,1.4589,1.70,1.70
2010.02.11 01:29:47.220,1.4583,1.45885,1.60,1.00
2010.02.11 01:29:50.418,1.4583,1.4588,1.60,1.00
2010.02.11 01:30:05.287,1.4583,1.4588,2.70,1.00
2010.02.11 01:30:06.157,1.4583,1.4588,2.30,1.00
2010.02.11 01:30:11.494,1.45835,1.4588,1.60,1.00
2010.02.11 01:30:11.638,1.45835,1.4588,3.20,1.00
2010.02.11 01:30:12.252,1.45835,1.4588,3.70,1.00
2010.02.11 01:30:12.261,1.45835,1.4588,3.30,1.00
2010.02.11 01:30:12.417,1.45835,1.45875,1.00,1.00
2010.02.11 01:30:12.561,1.45825,1.4588,1.10,1.70
2010.02.11 01:30:13.087,1.45825,1.45875,1.10,1.00
2010.02.11 01:30:13.446,1.45825,1.45875,1.10,1.00
2010.02.11 01:30:13.797,1.45825,1.45875,1.10,1.00
2010.02.11 01:30:15.628,1.45825,1.4587,1.10,1.00
2010.02.11 01:30:16.574,1.45825,1.45875,1.10,1.00
2010.02.11 01:30:21.150,1.45825,1.4587,1.10,1.00
2010.02.11 01:30:24.073,1.45825,1.45875,1.10,1.00
2010.02.11 01:30:26.013,1.45825,1.4587,1.10,1.20
2010.02.11 01:30:26.215,1.4581,1.45865,4.80,1.60
2010.02.11 01:30:26.300,1.4581,1.45865,4.80,2.00
2010.02.11 01:30:26.380,1.4581,1.45865,4.70,2.00
2010.02.11 01:30:26.466,1.4581,1.45865,3.10,2.00
2010.02.11 01:30:26.560,1.4581,1.4586,1.10,1.00
2010.02.11 01:30:27.118,1.4581,1.4586,1.10,1.60
2010.02.11 01:30:27.202,1.45805,1.4586,1.70,1.60
2010.02.11 01:30:28.460,1.45805,1.4586,1.60,1.60
2010.02.11 01:30:28.810,1.45805,1.4586,1.70,1.60
2010.02.11 01:30:29.685,1.45805,1.4586,1.60,1.60
2010.02.11 01:30:29.748,1.45805,1.45865,1.70,3.80
2010.02.11 01:30:31.788,1.4582,1.45865,1.60,1.60
2010.02.11 01:30:31.919,1.4582,1.45865,2.00,1.60
2010.02.11 01:30:32.051,1.4583,1.45865,1.00,1.60
2010.02.11 01:30:32.103,1.4583,1.4588,1.60,1.00
2010.02.11 01:30:32.149,1.4583,1.45885,1.60,1.00
2010.02.11 01:30:32.238,1.4583,1.4589,1.60,1.70
2010.02.11 01:30:33.499,1.4583,1.4589,1.70,1.70
2010.02.11 01:30:34.455,1.45835,1.4589,1.00,1.70
2010.02.11 01:30:44.369,1.45835,1.4588,1.00,3.20
2010.02.11 01:30:45.337,1.45835,1.4588,1.00,3.20
2010.02.11 01:30:45.415,1.45835,1.4588,1.00,3.20
2010.02.11 01:30:53.360,1.4583,1.4588,1.30,1.60
2010.02.11 01:30:53.881,1.45835,1.4588,1.60,1.60
2010.02.11 01:30:54.398,1.45835,1.4588,1.70,1.60
2010.02.11 01:30:58.578,1.4584,1.4588,1.00,1.60
2010.02.11 01:30:58.832,1.45835,1.4588,1.70,1.60
2010.02.11 01:30:59.365,1.45835,1.4589,4.50,1.00
2010.02.11 01:31:01.036,1.45835,1.45885,1.00,4.80
2010.02.11 01:31:03.612,1.4583,1.45885,1.00,4.80
2010.02.11 01:31:03.831,1.4583,1.4588,1.00,1.20
2010.02.11 01:31:05.113,1.4584,1.45885,1.00,4.90
2010.02.11 01:31:05.242,1.4584,1.45885,1.00,4.80
2010.02.11 01:31:06.466,1.45835,1.45885,1.00,4.80
2010.02.11 01:31:06.819,1.45825,1.45885,4.10,5.10
2010.02.11 01:31:07.507,1.45825,1.4588,3.20,1.20
2010.02.11 01:31:08.459,1.4583,1.4588,1.00,1.20
2010.02.11 01:31:15.755,1.45825,1.4588,1.90,1.60
2010.02.11 01:31:21.278,1.4583,1.45875,1.00,1.20
2010.02.11 01:31:21.556,1.45825,1.45875,1.60,1.20
2010.02.11 01:31:22.570,1.4583,1.45875,1.00,1.20
2010.02.11 01:31:23.986,1.45825,1.45875,1.60,1.20
2010.02.11 01:31:24.560,1.4582,1.45875,1.00,2.80
2010.02.11 01:31:24.990,1.4582,1.4587,1.00,1.60
2010.02.11 01:31:25.549,1.45815,1.4587,2.40,3.30
2010.02.11 01:31:25.671,1.45825,1.4587,1.00,3.30
2010.02.11 01:31:34.274,1.4583,1.4587,1.00,3.30
2010.02.11 01:31:35.273,1.4583,1.4587,1.00,3.20
2010.02.11 01:31:42.398,1.4583,1.45865,1.00,1.60
2010.02.11 01:31:42.480,1.4583,1.4586,1.00,1.60
2010.02.11 01:31:42.576,1.45825,1.4586,1.00,3.30
2010.02.11 01:31:43.113,1.45825,1.45855,1.00,1.20
2010.02.11 01:31:43.438,1.45815,1.4585,1.00,2.80
2010.02.11 01:31:45.310,1.45815,1.45855,1.00,1.20
2010.02.11 01:31:45.591,1.45815,1.4585,1.00,2.80
2010.02.11 01:31:45.856,1.45805,1.4585,1.00,2.80
2010.02.11 01:31:46.684,1.45815,1.4585,1.00,2.80
2010.02.11 01:31:47.006,1.4581,1.45855,1.00,1.20
2010.02.11 01:31:51.969,1.45815,1.45865,1.00,2.80
2010.02.11 01:32:05.286,1.45815,1.45855,1.00,1.20
2010.02.11 01:32:05.363,1.4582,1.45855,1.00,1.20
2010.02.11 01:32:10.842,1.4582,1.45855,1.00,1.60
2010.02.11 01:32:11.514,1.4582,1.4585,1.00,1.60
2010.02.11 01:32:11.614,1.45815,1.4585,1.00,2.80
2010.02.11 01:32:12.957,1.45815,1.4585,1.00,1.60
2010.02.11 01:32:16.425,1.45805,1.4585,1.00,1.60
2010.02.11 01:32:17.573,1.45815,1.4585,1.00,1.60
2010.02.11 01:32:17.831,1.45805,1.4585,1.00,1.60
2010.02.11 01:32:18.242,1.45815,1.4585,1.00,1.60
2010.02.11 01:32:25.233,1.45805,1.4585,1.00,1.60
2010.02.11 01:32:25.390,1.4581,1.4585,1.00,1.60
2010.02.11 01:32:28.370,1.45815,1.4585,1.00,1.60
2010.02.11 01:32:28.579,1.4581,1.4585,1.00,1.60
2010.02.11 01:32:28.929,1.45815,1.4585,1.00,1.60
2010.02.11 01:32:33.427,1.45815,1.4586,1.00,2.00
2010.02.11 01:32:33.671,1.4581,1.4586,1.00,2.00
2010.02.11 01:32:39.260,1.45815,1.45865,1.00,5.20
2010.02.11 01:32:40.198,1.4581,1.4586,1.00,2.00
2010.02.11 01:32:40.348,1.4581,1.4586,1.00,2.00
2010.02.11 01:32:41.298,1.45815,1.4586,1.00,2.00
2010.02.11 01:32:50.529,1.4581,1.45865,2.40,1.00
2010.02.11 01:32:50.690,1.45815,1.4587,1.30,2.00
2010.02.11 01:32:51.348,1.4582,1.4588,1.30,1.00
2010.02.11 01:32:52.201,1.4582,1.4588,1.30,1.00
2010.02.11 01:32:52.449,1.4582,1.4587,1.20,1.00
2010.02.11 01:32:52.679,1.4582,1.45875,1.20,1.00
2010.02.11 01:32:55.030,1.4582,1.45875,1.20,1.70
2010.02.11 01:32:56.338,1.45825,1.45875,1.20,1.00
2010.02.11 01:32:59.195,1.45825,1.4587,1.20,1.00
2010.02.11 01:33:00.536,1.45825,1.45875,1.20,1.00
2010.02.11 01:33:00.750,1.45825,1.4587,1.20,1.00
2010.02.11 01:33:00.974,1.45815,1.45875,2.00,1.70
2010.02.11 01:33:01.483,1.45815,1.45875,1.80,1.70
2010.02.11 01:33:03.301,1.45815,1.45875,2.40,1.70
2010.02.11 01:33:03.657,1.45815,1.45875,1.80,1.70
2010.02.11 01:33:07.333,1.45825,1.45875,1.00,1.60
2010.02.11 01:33:09.541,1.45815,1.45875,1.80,1.70
2010.02.11 01:33:10.642,1.4582,1.45875,1.00,1.70
2010.02.11 01:33:13.860,1.45815,1.4587,1.80,1.00
2010.02.11 01:33:16.551,1.4582,1.45875,1.00,1.70
2010.02.11 01:33:17.100,1.45815,1.4587,3.40,1.00
2010.02.11 01:33:20.556,1.45815,1.4587,5.00,1.00
2010.02.11 01:33:33.195,1.45815,1.4587,5.20,1.00
2010.02.11 01:33:33.802,1.45815,1.4587,5.00,1.00
2010.02.11 01:33:33.982,1.45815,1.4586,4.80,1.00
2010.02.11 01:33:34.712,1.45815,1.4587,5.00,1.00
2010.02.11 01:33:35.667,1.4582,1.45875,1.00,1.70
2010.02.11 01:33:36.032,1.45815,1.45875,3.50,1.70
2010.02.11 01:33:36.820,1.45825,1.45875,1.20,1.60
2010.02.11 01:33:37.410,1.45825,1.45875,1.30,1.60
2010.02.11 01:33:37.634,1.45825,1.45875,1.20,1.60
2010.02.11 01:33:37.813,1.45825,1.45875,1.20,1.70
2010.02.11 01:33:38.331,1.45825,1.45875,1.20,1.60
2010.02.11 01:33:38.689,1.45825,1.45875,1.30,1.60
2010.02.11 01:33:40.932,1.45825,1.45875,1.20,1.60
2010.02.11 01:33:40.991,1.45825,1.4588,2.80,1.00
2010.02.11 01:33:41.028,1.4583,1.4588,1.20,1.00
2010.02.11 01:33:41.622,1.4583,1.45885,1.30,1.60
2010.02.11 01:33:42.644,1.45835,1.45885,1.00,1.60
2010.02.11 01:33:48.269,1.45835,1.45875,1.00,1.60
2010.02.11 01:33:48.488,1.45835,1.45885,1.00,1.60
2010.02.11 01:33:49.777,1.4583,1.4588,1.20,1.00
2010.02.11 01:33:50.989,1.45835,1.45885,1.00,1.60
2010.02.11 01:33:54.060,1.4584,1.45885,1.20,1.60
2010.02.11 01:34:09.078,1.45835,1.45885,1.20,2.10
2010.02.11 01:34:09.725,1.45845,1.45885,1.20,1.60
2010.02.11 01:34:09.991,1.45835,1.45885,1.80,1.60
2010.02.11 01:34:11.496,1.45835,1.45885,2.00,1.60
2010.02.11 01:34:13.568,1.4583,1.45885,2.00,1.60
2010.02.11 01:34:13.762,1.4583,1.45875,1.00,1.60
2010.02.11 01:34:16.414,1.45825,1.45875,1.00,1.60
2010.02.11 01:34:16.703,1.45825,1.45875,1.00,1.60
2010.02.11 01:34:18.979,1.45825,1.45865,1.00,1.60
2010.02.11 01:34:19.191,1.4583,1.45865,1.00,1.60
2010.02.11 01:34:21.440,1.45825,1.45875,1.00,2.80
2010.02.11 01:34:21.604,1.45825,1.4587,1.20,1.60
2010.02.11 01:34:22.156,1.45825,1.45875,1.30,1.60
2010.02.11 01:34:22.291,1.4584,1.45875,1.20,1.60
2010.02.11 01:34:22.898,1.4584,1.45885,1.20,1.60
2010.02.11 01:34:23.469,1.4584,1.45885,1.30,1.60
2010.02.11 01:34:24.486,1.45845,1.45885,1.00,1.60
2010.02.11 01:34:25.444,1.4584,1.45885,1.30,1.60
2010.02.11 01:34:26.253,1.4584,1.45895,1.30,1.70
2010.02.11 01:34:28.371,1.45845,1.45895,1.00,1.70
2010.02.11 01:34:29.850,1.45845,1.45895,1.30,1.60
2010.02.11 01:34:37.153,1.45845,1.45895,1.20,1.60
2010.02.11 01:34:38.046,1.4585,1.45895,2.30,1.60
2010.02.11 01:34:38.798,1.4585,1.45895,1.20,1.60
2010.02.11 01:34:41.885,1.4585,1.45895,1.20,1.60
2010.02.11 01:34:42.677,1.4585,1.45905,1.30,1.70
2010.02.11 01:34:44.685,1.45855,1.45905,1.00,1.70
2010.02.11 01:35:29.673,1.45855,1.45895,1.00,1.60
2010.02.11 01:35:38.495,1.4585,1.45895,1.20,1.60
2010.02.11 01:35:38.644,1.45845,1.45895,2.40,1.60
2010.02.11 01:35:39.557,1.45845,1.45895,2.30,1.60
2010.02.11 01:35:41.934,1.4585,1.45895,1.20,1.60
2010.02.11 01:35:41.994,1.45845,1.45895,3.10,1.60
2010.02.11 01:35:43.497,1.4585,1.45905,1.30,1.60
2010.02.11 01:35:44.066,1.4585,1.45905,1.20,1.60
2010.02.11 01:35:44.416,1.4586,1.45905,1.20,1.60
2010.02.11 01:35:46.677,1.45865,1.45905,1.20,1.60
2010.02.11 01:35:47.241,1.4585,1.45905,1.60,1.60
2010.02.11 01:35:49.670,1.4585,1.45905,1.20,1.70
2010.02.11 01:35:49.793,1.4585,1.45905,1.20,1.70
2010.02.11 01:35:50.098,1.4585,1.45905,1.20,2.10
2010.02.11 01:35:50.689,1.45845,1.459,4.00,1.00
2010.02.11 01:35:51.397,1.45845,1.459,4.00,1.00
2010.02.11 01:35:51.544,1.4585,1.45905,1.00,4.40
2010.02.11 01:35:52.161,1.45855,1.45905,1.20,1.60
2010.02.11 01:35:52.910,1.4585,1.45905,1.20,1.70
2010.02.11 01:35:53.171,1.4585,1.45905,1.20,2.10
2010.02.11 01:35:54.494,1.4585,1.459,1.20,1.00
2010.02.11 01:35:56.243,1.4585,1.45905,1.30,2.00
2010.02.11 01:35:59.434,1.4585,1.459,1.20,1.00
2010.02.11 01:36:00.302,1.4585,1.45895,1.20,1.00
2010.02.11 01:36:01.359,1.4584,1.45895,1.00,2.00
2010.02.11 01:36:01.645,1.4584,1.45895,1.00,1.60
2010.02.11 01:36:07.513,1.4584,1.45895,1.30,1.60
2010.02.11 01:36:07.751,1.45845,1.45895,1.00,1.60
2010.02.11 01:36:09.423,1.45845,1.459,1.00,1.70
2010.02.11 01:36:10.190,1.45855,1.45905,1.20,1.70
2010.02.11 01:36:12.309,1.45855,1.459,1.20,1.00
2010.02.11 01:36:15.735,1.45855,1.459,1.20,1.00
2010.02.11 01:36:16.039,1.4585,1.45895,1.00,1.60
2010.02.11 01:36:16.832,1.45845,1.45895,1.00,1.60
2010.02.11 01:36:18.497,1.45845,1.45895,1.00,1.70
2010.02.11 01:36:24.532,1.45845,1.45895,1.30,1.60
2010.02.11 01:36:33.601,1.4585,1.45895,1.00,1.60
2010.02.11 01:36:37.167,1.45845,1.45895,1.00,1.60
2010.02.11 01:36:37.293,1.45845,1.45895,1.00,2.80
2010.02.11 01:36:37.550,1.45845,1.4589,1.00,1.20
2010.02.11 01:37:27.381,1.45845,1.45895,2.10,1.00
2010.02.11 01:37:27.596,1.4585,1.45905,1.00,2.10
2010.02.11 01:37:28.183,1.4585,1.45905,1.00,1.60
2010.02.11 01:37:29.878,1.4585,1.45905,1.00,1.60
2010.02.11 01:37:37.517,1.4585,1.45905,1.00,1.70
2010.02.11 01:37:38.192,1.4585,1.459,1.00,1.00
2010.02.11 01:37:38.538,1.4585,1.459,1.00,1.00
2010.02.11 01:37:42.725,1.4585,1.45905,1.00,3.30
2010.02.11 01:37:43.230,1.4585,1.45905,1.00,1.60
2010.02.11 01:37:50.239,1.45855,1.4591,1.60,1.70
2010.02.11 01:37:50.303,1.4586,1.4591,1.00,1.60
2010.02.11 01:37:50.344,1.4586,1.4591,1.00,1.20
2010.02.11 01:37:50.434,1.4586,1.45915,1.00,2.90
2010.02.11 01:37:51.217,1.4586,1.45915,1.00,2.90
2010.02.11 01:37:52.863,1.4586,1.45905,1.00,1.60
2010.02.11 01:37:53.637,1.4585,1.45905,2.80,1.60
2010.02.11 01:37:53.892,1.4585,1.45905,1.00,1.60
2010.02.11 01:37:54.142,1.45855,1.45905,1.00,2.80
2010.02.11 01:37:54.386,1.45855,1.45905,1.00,3.30
2010.02.11 01:38:01.413,1.45855,1.45905,1.00,3.50
2010.02.11 01:38:16.714,1.45845,1.45895,1.70,1.20
2010.02.11 01:38:17.038,1.4585,1.4589,1.00,1.20
2010.02.11 01:38:24.283,1.4585,1.4589,1.00,1.20
2010.02.11 01:38:24.515,1.45845,1.4589,1.00,1.20
2010.02.11 01:38:36.079,1.4584,1.4589,1.00,1.20
2010.02.11 01:38:36.139,1.4584,1.45885,1.00,1.60
2010.02.11 01:38:36.247,1.4584,1.45885,1.00,3.30
2010.02.11 01:38:37.121,1.4584,1.4588,1.00,1.20
2010.02.11 01:38:38.768,1.45835,1.45875,1.00,1.00
2010.02.11 01:38:39.051,1.45835,1.4587,1.00,1.20
2010.02.11 01:38:39.766,1.4583,1.4587,1.00,1.20
2010.02.11 01:38:39.981,1.45825,1.45875,1.00,1.00
2010.02.11 01:38:40.492,1.45825,1.4588,1.00,3.20
2010.02.11 01:38:40.985,1.45835,1.4588,1.00,3.20
2010.02.11 01:38:41.265,1.4583,1.4588,1.00,3.20
2010.02.11 01:38:42.323,1.4584,1.4588,1.00,3.20
2010.02.11 01:38:42.361,1.45835,1.4588,1.00,3.20
2010.02.11 01:38:44.980,1.45835,1.4587,1.00,1.60
2010.02.11 01:38:45.530,1.45835,1.45875,1.00,1.00
2010.02.11 01:38:45.589,1.45835,1.4588,1.00,3.70
2010.02.11 01:38:45.850,1.4583,1.4588,1.00,3.70
2010.02.11 01:38:47.083,1.45835,1.4588,1.00,3.70
2010.02.11 01:38:47.241,1.4583,1.4588,1.00,3.70
2010.02.11 01:38:48.977,1.4583,1.4588,1.00,1.20
2010.02.11 01:38:49.268,1.4583,1.45885,1.00,2.80
2010.02.11 01:38:49.543,1.4583,1.45885,1.00,2.80
2010.02.11 01:38:50.939,1.4584,1.45885,1.00,2.80
2010.02.11 01:38:51.528,1.45835,1.45885,1.00,1.20
2010.02.11 01:38:52.789,1.4584,1.45885,1.00,1.20
2010.02.11 01:38:53.471,1.45835,1.45885,1.00,1.20
2010.02.11 01:38:55.296,1.45835,1.4588,1.00,1.20
2010.02.11 01:38:55.872,1.4584,1.4588,1.00,1.20
2010.02.11 01:38:55.988,1.4584,1.4589,1.00,3.20
2010.02.11 01:38:56.653,1.4584,1.4589,1.00,3.30
2010.02.11 01:38:57.749,1.4584,1.4589,1.00,3.20
2010.02.11 01:38:59.406,1.45845,1.4589,1.00,3.20
2010.02.11 01:38:59.591,1.4584,1.4589,1.00,1.20
2010.02.11 01:39:00.189,1.4584,1.45895,1.00,3.20
2010.02.11 01:39:03.808,1.45845,1.45885,1.00,1.20
2010.02.11 01:39:04.297,1.45835,1.45885,1.00,1.20
2010.02.11 01:39:05.358,1.4584,1.45885,1.00,1.20
2010.02.11 01:39:07.713,1.45835,1.45885,1.00,1.20
2010.02.11 01:39:08.331,1.4584,1.45885,1.00,1.20
2010.02.11 01:39:08.589,1.4584,1.45885,1.00,2.80
2010.02.11 01:39:08.771,1.45835,1.45885,1.00,2.80
2010.02.11 01:39:15.583,1.45835,1.4588,1.00,1.00
2010.02.11 01:39:15.662,1.4583,1.45875,1.00,1.20
2010.02.11 01:39:19.599,1.4584,1.45885,1.00,1.20
2010.02.11 01:39:24.989,1.45835,1.45885,1.00,1.20
2010.02.11 01:39:28.329,1.4584,1.45885,1.00,1.20
2010.02.11 01:39:41.144,1.45845,1.45885,1.00,1.20
2010.02.11 01:39:41.292,1.4584,1.45885,1.00,1.20
2010.02.11 01:39:41.376,1.4584,1.4589,1.00,1.20
2010.02.11 01:39:41.477,1.4584,1.45895,1.00,1.70
2010.02.11 01:39:41.996,1.4584,1.45895,1.00,1.20
2010.02.11 01:39:42.361,1.4584,1.45895,1.00,1.30
2010.02.11 01:39:42.963,1.4584,1.45895,1.30,2.10
2010.02.11 01:39:43.324,1.4584,1.45895,1.00,3.20
2010.02.11 01:39:44.425,1.4584,1.4589,1.00,1.00
2010.02.11 01:39:45.390,1.4584,1.45895,1.00,3.30
2010.02.11 01:39:47.625,1.45845,1.45895,1.00,2.80
2010.02.11 01:39:48.599,1.4584,1.45895,1.00,2.80
2010.02.11 01:39:56.478,1.45845,1.45895,1.00,2.80
2010.02.11 01:39:56.686,1.45845,1.45895,1.00,1.20
2010.02.11 01:40:02.181,1.45845,1.45895,1.00,1.20
2010.02.11 01:40:02.352,1.45845,1.45895,1.10,1.20
2010.02.11 01:40:02.952,1.45845,1.45895,1.10,2.90
2010.02.11 01:40:03.421,1.45845,1.4589,1.10,1.00
2010.02.11 01:40:04.059,1.45845,1.4589,1.10,1.00
2010.02.11 01:40:04.574,1.45845,1.45895,1.10,2.90
2010.02.11 01:40:05.462,1.45845,1.45895,1.20,1.60
2010.02.11 01:40:06.081,1.45845,1.459,1.20,1.20
2010.02.11 01:40:06.216,1.45845,1.459,1.20,1.60
2010.02.11 01:40:14.295,1.45845,1.459,1.20,1.70
2010.02.11 01:40:23.679,1.4585,1.45895,1.00,2.00
2010.02.11 01:40:24.263,1.4585,1.45895,1.00,3.30
2010.02.11 01:40:24.299,1.45845,1.45895,1.00,3.30
2010.02.11 01:40:24.497,1.4584,1.4589,1.00,1.20
2010.02.11 01:40:27.233,1.4584,1.459,1.00,1.70
2010.02.11 01:40:27.508,1.45845,1.459,1.00,1.60
2010.02.11 01:40:28.489,1.4584,1.459,1.00,1.70
2010.02.11 01:40:29.005,1.45845,1.459,1.00,1.60
2010.02.11 01:40:32.320,1.45845,1.45905,1.00,1.60
2010.02.11 01:40:33.425,1.4585,1.45905,1.00,1.60
2010.02.11 01:40:33.762,1.4585,1.459,1.00,1.20
2010.02.11 01:40:34.536,1.45845,1.459,1.00,1.20
2010.02.11 01:40:35.775,1.4585,1.45895,1.00,2.80
2010.02.11 01:40:36.523,1.4585,1.45905,1.00,1.70
2010.02.11 01:40:36.892,1.4585,1.45905,1.00,1.60
2010.02.11 01:40:43.075,1.45845,1.45905,1.00,1.70
2010.02.11 01:40:44.909,1.45845,1.459,1.00,1.20
2010.02.11 01:40:44.972,1.45845,1.459,1.00,1.30
2010.02.11 01:40:45.030,1.45845,1.459,1.30,1.00
2010.02.11 01:40:45.622,1.45845,1.45895,1.20,1.00
2010.02.11 01:40:45.689,1.45845,1.45895,3.20,1.00
2010.02.11 01:40:45.959,1.4585,1.45905,1.60,1.00
2010.02.11 01:40:46.223,1.45845,1.459,1.30,1.00
2010.02.11 01:40:47.046,1.45855,1.45905,1.00,3.30
2010.02.11 01:40:47.357,1.45855,1.45905,1.00,2.10
2010.02.11 01:40:48.448,1.4585,1.459,1.20,1.00
2010.02.11 01:40:48.733,1.45845,1.459,1.30,1.00
2010.02.11 01:40:51.570,1.45845,1.45895,1.30,1.00
2010.02.11 01:40:52.203,1.4585,1.45895,1.00,1.00
2010.02.11 01:40:52.572,1.4585,1.45905,1.30,2.10
2010.02.11 01:40:55.613,1.4585,1.45905,1.20,2.10
2010.02.11 01:40:55.664,1.45845,1.45905,3.30,3.30
2010.02.11 01:40:55.757,1.45845,1.459,2.90,1.00
2010.02.11 01:40:55.828,1.45845,1.459,1.30,1.00
2010.02.11 01:40:56.422,1.4585,1.45905,1.30,2.10
2010.02.11 01:40:57.460,1.45845,1.45905,1.70,4.90
2010.02.11 01:40:58.186,1.45845,1.45905,1.30,4.90
2010.02.11 01:40:58.609,1.45845,1.459,1.30,1.00
2010.02.11 01:41:00.173,1.45845,1.459,2.90,1.00
2010.02.11 01:41:04.915,1.45845,1.459,1.70,1.00
2010.02.11 01:41:07.324,1.45845,1.459,1.70,1.00
2010.02.11 01:41:13.875,1.45845,1.459,1.70,1.00
2010.02.11 01:41:14.107,1.45845,1.45895,1.00,1.20
2010.02.11 01:41:20.765,1.4585,1.45895,1.00,1.20
2010.02.11 01:41:21.598,1.4585,1.45895,1.00,1.60
2010.02.11 01:41:21.934,1.45845,1.45905,3.80,1.20
2010.02.11 01:41:22.261,1.4585,1.4591,1.70,1.20
2010.02.11 01:41:22.981,1.4585,1.4591,1.20,1.70
2010.02.11 01:41:23.655,1.4585,1.4591,1.30,1.70
2010.02.11 01:41:24.444,1.4585,1.45905,1.20,1.00
2010.02.11 01:41:31.283,1.4585,1.45905,1.30,1.00
2010.02.11 01:41:33.974,1.45855,1.45905,1.20,1.00
2010.02.11 01:41:34.516,1.4586,1.4591,1.00,1.00
2010.02.11 01:41:35.719,1.4585,1.4591,1.00,1.30
2010.02.11 01:41:36.222,1.45845,1.459,1.00,1.20
2010.02.11 01:41:36.307,1.4585,1.459,1.00,1.20
2010.02.11 01:41:37.413,1.45855,1.459,1.00,1.20
2010.02.11 01:41:43.647,1.4585,1.45895,1.00,1.20
2010.02.11 01:41:46.879,1.4585,1.459,1.00,1.20
2010.02.11 01:41:48.055,1.45855,1.459,1.00,1.20
2010.02.11 01:41:48.642,1.45855,1.45905,1.00,1.20
2010.02.11 01:41:49.400,1.45855,1.45905,1.70,1.20
2010.02.11 01:41:50.430,1.45855,1.4591,2.20,1.30
2010.02.11 01:41:50.938,1.45855,1.4591,2.10,1.30
2010.02.11 01:41:51.291,1.45855,1.4591,2.10,1.20
2010.02.11 01:41:51.459,1.45865,1.4591,1.70,1.20
2010.02.11 01:41:52.320,1.45865,1.45915,2.00,1.00
2010.02.11 01:41:52.664,1.45865,1.4592,2.10,1.00
2010.02.11 01:41:53.179,1.45865,1.45915,2.00,1.00
2010.02.11 01:41:53.387,1.45865,1.4592,2.10,1.00
2010.02.11 01:41:53.610,1.45865,1.45915,2.00,1.00
2010.02.11 01:41:54.429,1.45865,1.4592,2.10,1.00
2010.02.11 01:41:55.153,1.45865,1.45915,2.00,1.00
2010.02.11 01:41:55.386,1.45865,1.4592,2.10,1.00
2010.02.11 01:41:55.875,1.45865,1.45915,2.00,1.00
2010.02.11 01:41:56.015,1.45865,1.4592,2.10,1.00
2010.02.11 01:41:59.601,1.45865,1.4592,3.20,1.00
2010.02.11 01:41:59.736,1.4587,1.45925,2.10,1.30
2010.02.11 01:41:59.884,1.45875,1.4593,1.20,1.00
2010.02.11 01:42:00.029,1.4587,1.4593,2.80,1.20
2010.02.11 01:42:00.548,1.4587,1.4592,1.20,1.00
2010.02.11 01:42:00.766,1.45865,1.4592,2.80,1.00
2010.02.11 01:42:00.977,1.45865,1.4592,3.20,1.00
2010.02.11 01:42:01.771,1.45865,1.4592,3.20,1.00
2010.02.11 01:42:02.022,1.4587,1.4592,1.00,1.00
2010.02.11 01:42:02.274,1.4587,1.45925,1.00,1.30
2010.02.11 01:42:02.945,1.45875,1.4593,1.20,1.60
2010.02.11 01:42:03.159,1.45865,1.4592,1.00,1.70
2010.02.11 01:42:03.827,1.45865,1.45925,2.10,1.70
2010.02.11 01:42:04.377,1.45865,1.4592,2.10,1.20
2010.02.11 01:42:04.738,1.45865,1.45915,1.70,1.20
2010.02.11 01:42:05.389,1.45865,1.45915,1.60,1.30
2010.02.11 01:42:05.542,1.45865,1.45915,1.70,1.20
2010.02.11 01:42:06.854,1.45865,1.45915,1.60,1.30
2010.02.11 01:42:07.106,1.45865,1.45915,1.70,1.20
2010.02.11 01:42:08.883,1.45865,1.45915,2.10,1.20
2010.02.11 01:42:09.132,1.45865,1.4592,2.10,1.30
2010.02.11 01:42:15.335,1.45865,1.4591,2.00,1.00
2010.02.11 01:42:23.115,1.45865,1.4591,1.60,1.00
2010.02.11 01:42:41.524,1.4586,1.4591,1.30,1.00
2010.02.11 01:42:41.606,1.45855,1.4591,2.90,1.30
2010.02.11 01:42:43.198,1.45855,1.45915,4.50,1.30
2010.02.11 01:42:44.730,1.45865,1.45915,1.60,1.30
2010.02.11 01:42:44.960,1.45865,1.45915,1.60,1.00
2010.02.11 01:42:49.683,1.45865,1.45915,2.00,1.00
2010.02.11 01:42:49.864,1.45865,1.4592,2.10,1.70
2010.02.11 01:42:51.386,1.45865,1.45915,2.10,1.00
2010.02.11 01:42:55.895,1.4587,1.45915,1.00,1.00
2010.02.11 01:42:57.040,1.45875,1.4592,1.00,1.20
2010.02.11 01:42:58.234,1.4587,1.45915,1.00,1.70
2010.02.11 01:42:58.410,1.4587,1.4591,1.00,1.20
2010.02.11 01:43:00.551,1.4587,1.45905,1.00,1.60
2010.02.11 01:43:00.679,1.45865,1.459,1.00,1.20
2010.02.11 01:43:02.831,1.45855,1.459,1.00,1.20
2010.02.11 01:43:03.497,1.4586,1.45915,1.00,1.20
2010.02.11 01:43:04.369,1.4587,1.45915,1.00,1.20
2010.02.11 01:43:05.536,1.45875,1.45915,1.00,1.20
2010.02.11 01:43:10.632,1.45865,1.45915,1.00,1.30
2010.02.11 01:43:11.535,1.45875,1.45915,1.00,1.20
2010.02.11 01:43:22.178,1.45865,1.4591,1.00,1.20
2010.02.11 01:43:23.005,1.4587,1.45915,1.00,1.20
2010.02.11 01:43:30.401,1.45875,1.45915,1.00,1.20
2010.02.11 01:43:35.970,1.4586,1.4591,1.00,2.00
2010.02.11 01:43:36.491,1.4586,1.4591,1.00,1.00
2010.02.11 01:43:36.590,1.4587,1.45915,1.00,1.20
2010.02.11 01:43:36.734,1.45865,1.45915,1.00,1.20
2010.02.11 01:43:37.530,1.4587,1.45915,1.00,1.20
2010.02.11 01:43:37.887,1.45865,1.45915,1.00,1.20
2010.02.11 01:43:38.423,1.4586,1.45915,1.00,2.90
2010.02.11 01:43:39.071,1.45875,1.4591,1.00,1.20
2010.02.11 01:43:39.301,1.45865,1.4591,1.00,1.20
2010.02.11 01:43:40.701,1.45865,1.45905,1.00,1.60
2010.02.11 01:43:40.961,1.4586,1.45905,1.00,1.60
2010.02.11 01:43:45.361,1.45865,1.45905,1.00,1.20
2010.02.11 01:43:45.664,1.45865,1.4592,1.00,1.20
2010.02.11 01:43:48.072,1.45865,1.45915,1.00,1.60
2010.02.11 01:43:48.654,1.45865,1.45905,1.00,1.00
2010.02.11 01:43:48.839,1.4586,1.4591,1.00,3.20
2010.02.11 01:43:49.471,1.4586,1.45905,1.00,1.20
2010.02.11 01:43:49.753,1.4586,1.45905,1.00,1.60
2010.02.11 01:43:50.964,1.45865,1.45905,1.00,1.20
2010.02.11 01:43:51.084,1.45855,1.4592,4.80,3.60
2010.02.11 01:43:51.674,1.45855,1.4592,4.80,3.10
2010.02.11 01:43:51.797,1.4586,1.4591,1.00,1.00
2010.02.11 01:43:52.412,1.4586,1.4591,1.00,1.20
2010.02.11 01:43:52.763,1.45865,1.45925,1.60,1.20
2010.02.11 01:43:53.632,1.45875,1.45935,1.60,1.20
2010.02.11 01:43:55.315,1.4587,1.45935,3.40,2.80
2010.02.11 01:43:56.677,1.45875,1.4593,1.00,1.00
2010.02.11 01:43:57.240,1.4588,1.45935,1.60,1.30
2010.02.11 01:43:57.511,1.4588,1.4594,1.20,1.60
2010.02.11 01:43:58.195,1.4588,1.4594,1.60,1.20
2010.02.11 01:43:58.413,1.45885,1.45935,1.60,1.00
2010.02.11 01:44:00.232,1.4587,1.4592,1.00,1.30
2010.02.11 01:44:01.017,1.45865,1.4592,1.70,1.60
2010.02.11 01:44:03.182,1.45865,1.4592,1.70,1.20
2010.02.11 01:44:06.056,1.45865,1.4592,2.10,1.20
2010.02.11 01:44:07.018,1.4587,1.4592,1.00,1.20
2010.02.11 01:44:07.315,1.45875,1.45925,1.00,2.80
2010.02.11 01:44:10.319,1.45865,1.4592,1.80,1.20
2010.02.11 01:44:10.540,1.45865,1.4592,2.20,1.20
2010.02.11 01:44:10.637,1.45865,1.4592,2.10,1.20
2010.02.11 01:44:11.367,1.45875,1.4592,1.00,1.20
2010.02.11 01:44:12.087,1.4587,1.45925,1.00,1.20
2010.02.11 01:44:12.611,1.4587,1.45935,1.60,2.80
2010.02.11 01:44:13.512,1.4587,1.45935,1.70,2.80
2010.02.11 01:44:16.235,1.4587,1.45935,1.00,2.80
2010.02.11 01:44:16.311,1.4587,1.45935,1.00,2.80
2010.02.11 01:44:19.799,1.4587,1.45935,1.00,4.30
2010.02.11 01:44:20.078,1.45875,1.45935,1.60,2.80
2010.02.11 01:44:20.344,1.45875,1.4593,1.60,1.00
2010.02.11 01:44:21.245,1.4587,1.4593,1.20,1.00
2010.02.11 01:44:21.468,1.4587,1.4593,1.30,1.00
2010.02.11 01:44:22.891,1.45875,1.45935,1.70,1.30
2010.02.11 01:44:25.684,1.45875,1.45935,1.70,1.20
2010.02.11 01:44:25.808,1.45875,1.45935,1.70,1.30
2010.02.11 01:44:27.586,1.4587,1.4593,1.30,1.00
2010.02.11 01:44:27.756,1.4587,1.4593,1.00,1.70
2010.02.11 01:44:28.290,1.4587,1.45925,1.00,1.20
2010.02.11 01:44:30.079,1.4587,1.45925,1.00,1.60
2010.02.11 01:44:30.858,1.4587,1.45925,1.00,1.20
2010.02.11 01:44:33.667,1.4587,1.45915,1.00,1.00
2010.02.11 01:44:34.343,1.45875,1.45915,1.00,1.00
2010.02.11 01:44:34.703,1.45875,1.4592,1.00,2.00
2010.02.11 01:44:35.376,1.45875,1.4592,1.00,1.60
2010.02.11 01:44:37.195,1.4587,1.45925,1.00,1.20
2010.02.11 01:44:37.311,1.4587,1.45925,1.00,1.20
2010.02.11 01:44:39.523,1.4587,1.4593,1.00,1.80
2010.02.11 01:44:40.061,1.4587,1.4593,1.30,1.00
2010.02.11 01:44:44.045,1.4587,1.4593,1.00,1.30
2010.02.11 01:44:44.592,1.4587,1.45925,1.00,1.00
2010.02.11 01:44:51.102,1.45875,1.45925,1.20,1.00
2010.02.11 01:44:58.300,1.45875,1.45925,1.30,1.00
2010.02.11 01:44:59.845,1.45875,1.45935,1.90,4.40
2010.02.11 01:45:00.432,1.4588,1.45935,1.20,1.70
2010.02.11 01:45:02.003,1.4588,1.4594,1.20,1.90
2010.02.11 01:45:02.373,1.4588,1.4594,1.30,1.70
2010.02.11 01:45:02.564,1.4588,1.45935,1.20,1.00
2010.02.11 01:45:04.451,1.4588,1.45935,1.20,1.00
2010.02.11 01:45:04.600,1.4588,1.45935,1.20,2.10
2010.02.11 01:45:12.397,1.4588,1.4593,1.20,1.00
2010.02.11 01:46:00.413,1.4588,1.45935,1.30,1.00
2010.02.11 01:46:00.686,1.45885,1.45935,1.20,1.00
2010.02.11 01:46:07.329,1.45885,1.45935,1.30,1.00
2010.02.11 01:46:19.064,1.45895,1.45935,1.70,1.00
2010.02.11 01:46:19.370,1.4589,1.4595,3.20,1.00
2010.02.11 01:46:20.106,1.4589,1.45945,1.60,3.30
2010.02.11 01:46:21.344,1.4589,1.4594,1.60,1.00
2010.02.11 01:46:21.473,1.4589,1.4594,1.60,1.00
2010.02.11 01:46:22.546,1.4588,1.45925,1.60,1.60
2010.02.11 01:46:22.759,1.4589,1.4593,1.60,1.60
2010.02.11 01:46:22.971,1.4589,1.4593,1.60,1.00
2010.02.11 01:46:23.179,1.4589,1.45935,1.60,1.00
2010.02.11 01:46:24.641,1.4589,1.4593,1.60,1.00
2010.02.11 01:46:25.052,1.4589,1.4593,1.60,1.00
2010.02.11 01:46:25.264,1.4589,1.45935,1.60,1.70
2010.02.11 01:46:30.368,1.4589,1.45925,1.60,1.00
2010.02.11 01:46:35.474,1.4589,1.4593,1.60,1.00
2010.02.11 01:46:35.631,1.4588,1.4593,1.60,1.70
2010.02.11 01:46:35.779,1.4588,1.4593,1.60,2.80
2010.02.11 01:46:35.931,1.45865,1.45915,3.60,1.60
2010.02.11 01:46:36.516,1.4586,1.459,1.00,1.20
2010.02.11 01:46:36.694,1.45845,1.459,2.10,1.20
2010.02.11 01:46:38.421,1.45845,1.45895,2.10,1.00
2010.02.11 01:46:43.423,1.45855,1.459,1.00,1.20
2010.02.11 01:46:56.572,1.4586,1.459,1.00,1.20
2010.02.11 01:46:57.116,1.4586,1.45905,1.00,1.20
2010.02.11 01:46:57.207,1.45855,1.45905,2.10,1.20
2010.02.11 01:46:57.276,1.45865,1.45905,1.60,1.00
2010.02.11 01:47:02.886,1.45865,1.45905,1.60,1.00
2010.02.11 01:47:03.091,1.45855,1.459,1.60,1.20
2010.02.11 01:47:03.307,1.45855,1.45905,1.70,1.20
2010.02.11 01:47:04.571,1.45855,1.45905,1.60,1.30
2010.02.11 01:47:06.819,1.45865,1.45905,1.60,1.00
2010.02.11 01:47:06.980,1.45855,1.45905,1.60,1.30
2010.02.11 01:47:07.134,1.45865,1.45905,1.60,1.30
2010.02.11 01:47:12.602,1.45855,1.45905,1.60,1.30
2010.02.11 01:47:15.878,1.45855,1.459,1.60,1.00
2010.02.11 01:47:16.000,1.45855,1.459,1.60,1.30
2010.02.11 01:47:16.600,1.45855,1.459,1.60,1.70
2010.02.11 01:47:17.208,1.4585,1.459,1.00,1.00
2010.02.11 01:47:17.688,1.45855,1.459,1.60,1.00
2010.02.11 01:47:19.122,1.45855,1.45895,1.60,1.30
2010.02.11 01:47:19.742,1.45855,1.45895,1.70,1.20
2010.02.11 01:47:20.303,1.45855,1.45905,1.70,1.20
2010.02.11 01:47:20.532,1.45855,1.459,1.60,1.30
2010.02.11 01:47:21.488,1.45855,1.459,1.60,1.20
2010.02.11 01:47:26.564,1.45855,1.459,1.60,1.20
2010.02.11 01:47:26.774,1.45855,1.459,1.60,1.20
2010.02.11 01:47:29.357,1.45855,1.459,1.70,1.20
2010.02.11 01:47:45.211,1.45855,1.459,1.60,1.20
2010.02.11 01:47:45.481,1.45855,1.45905,1.60,1.30
2010.02.11 01:47:52.357,1.45855,1.45905,1.70,1.30
2010.02.11 01:47:56.710,1.4586,1.45905,1.00,1.20
2010.02.11 01:47:59.986,1.45855,1.45905,1.70,1.30
2010.02.11 01:48:05.834,1.45855,1.4591,1.70,1.20
2010.02.11 01:48:06.784,1.45855,1.4591,1.60,1.30
2010.02.11 01:48:07.047,1.4585,1.4591,2.30,1.20
2010.02.11 01:48:10.430,1.45855,1.459,1.60,1.20
2010.02.11 01:48:14.532,1.45855,1.45885,1.60,1.00
2010.02.11 01:48:15.296,1.45845,1.45895,1.60,1.20
2010.02.11 01:48:16.845,1.45845,1.45895,1.70,1.20
2010.02.11 01:48:17.614,1.4585,1.45895,1.00,1.20
2010.02.11 01:48:18.189,1.4585,1.459,1.00,1.20
2010.02.11 01:48:19.235,1.4585,1.45895,1.00,1.20
2010.02.11 01:48:19.586,1.45845,1.45895,1.70,1.20
2010.02.11 01:48:21.070,1.4585,1.459,1.00,1.20
2010.02.11 01:48:22.884,1.45855,1.45905,1.60,1.30
2010.02.11 01:48:30.510,1.45855,1.4591,2.10,1.30
2010.02.11 01:48:31.206,1.45855,1.45905,2.00,1.00
2010.02.11 01:48:31.620,1.45855,1.4591,2.10,1.30
2010.02.11 01:48:38.092,1.45855,1.45905,2.00,1.00
2010.02.11 01:48:38.404,1.45855,1.45905,2.00,1.00
2010.02.11 01:48:38.714,1.45855,1.4591,2.10,1.30
2010.02.11 01:48:39.102,1.45855,1.45905,2.00,1.00
2010.02.11 01:48:39.926,1.45855,1.4591,2.10,1.30
2010.02.11 01:48:42.882,1.45855,1.45905,2.00,1.00
2010.02.11 01:48:44.352,1.45855,1.4591,2.10,1.30
2010.02.11 01:48:44.777,1.45855,1.45905,2.00,1.00
2010.02.11 01:48:45.134,1.45855,1.4591,2.10,1.30
2010.02.11 01:48:45.968,1.45855,1.45905,2.00,1.00
2010.02.11 01:48:46.577,1.45855,1.4591,2.10,1.30
2010.02.11 01:48:49.783,1.45865,1.45915,1.20,1.00
2010.02.11 01:48:50.378,1.45865,1.4592,3.20,1.00
2010.02.11 01:48:51.687,1.45865,1.4592,3.30,1.00
2010.02.11 01:48:52.539,1.4587,1.4592,1.00,1.00
2010.02.11 01:48:52.605,1.4587,1.4592,1.00,1.00
2010.02.11 01:49:26.703,1.45865,1.4592,3.90,1.00
2010.02.11 01:49:26.870,1.45865,1.45915,1.60,1.20
2010.02.11 01:49:27.478,1.45875,1.4593,1.60,1.30
2010.02.11 01:49:27.764,1.45875,1.4593,1.60,1.20
2010.02.11 01:49:29.581,1.45875,1.45935,3.60,1.70
2010.02.11 01:49:29.826,1.4588,1.4594,1.20,1.30
2010.02.11 01:49:30.508,1.4588,1.4594,1.60,1.70
2010.02.11 01:49:30.562,1.45885,1.4594,1.00,1.70
2010.02.11 01:49:31.499,1.4588,1.4594,1.30,1.70
2010.02.11 01:49:32.948,1.45875,1.45935,2.10,1.30
2010.02.11 01:49:33.119,1.45875,1.45935,1.70,1.30
2010.02.11 01:49:33.643,1.45875,1.4593,1.70,1.20
2010.02.11 01:49:34.367,1.45875,1.4593,1.60,1.20
2010.02.11 01:49:34.557,1.45875,1.4593,1.70,1.20
2010.02.11 01:49:37.260,1.45875,1.4593,2.10,1.20
2010.02.11 01:49:45.621,1.45875,1.4593,1.70,1.20
2010.02.11 01:49:49.452,1.45875,1.4593,1.00,1.20
2010.02.11 01:49:54.689,1.45865,1.45925,1.60,1.30
2010.02.11 01:49:54.913,1.45865,1.45915,1.60,1.20
2010.02.11 01:49:55.143,1.4586,1.45915,1.00,1.20
2010.02.11 01:49:55.375,1.4586,1.45915,1.00,1.20
2010.02.11 01:49:55.915,1.4586,1.45905,1.00,1.00
2010.02.11 01:49:56.163,1.45855,1.45905,1.60,1.00
2010.02.11 01:49:56.393,1.4585,1.4591,1.00,1.00
2010.02.11 01:49:57.170,1.45855,1.4591,1.60,1.00
2010.02.11 01:49:59.765,1.45855,1.4591,1.70,1.00
2010.02.11 01:50:00.449,1.45855,1.45915,1.70,1.60
2010.02.11 01:50:04.698,1.45855,1.4591,1.70,1.00
2010.02.11 01:50:07.518,1.4586,1.4592,1.00,1.00
2010.02.11 01:50:08.161,1.4586,1.4591,1.00,1.20
2010.02.11 01:50:08.506,1.45855,1.4591,2.00,1.20
2010.02.11 01:50:09.537,1.45855,1.4591,2.00,1.30
2010.02.11 01:50:10.370,1.45855,1.45905,2.00,1.00
2010.02.11 01:50:13.230,1.45855,1.45905,1.60,1.00
2010.02.11 01:50:13.704,1.45855,1.45905,2.00,1.00
2010.02.11 01:50:14.181,1.45855,1.45915,2.10,1.30
2010.02.11 01:50:19.873,1.4586,1.45915,1.00,1.20
2010.02.11 01:50:20.224,1.4586,1.4592,1.70,2.80
2010.02.11 01:50:20.816,1.4586,1.4592,1.70,1.30
2010.02.11 01:50:27.133,1.4586,1.45905,1.60,1.00
2010.02.11 01:50:27.259,1.4586,1.4589,1.00,1.20
2010.02.11 01:50:27.389,1.45845,1.4589,1.00,1.20
2010.02.11 01:50:28.007,1.45835,1.45885,1.00,1.60
2010.02.11 01:50:28.345,1.45835,1.45885,1.00,2.00
2010.02.11 01:50:29.909,1.4583,1.45885,1.30,2.10
2010.02.11 01:50:32.087,1.4583,1.45885,1.30,2.70
2010.02.11 01:50:32.213,1.4583,1.4588,1.00,1.00
2010.02.11 01:50:32.340,1.4583,1.4588,1.00,1.00
2010.02.11 01:50:32.461,1.45825,1.4588,1.30,1.00
2010.02.11 01:50:36.468,1.45825,1.4588,1.00,1.60
2010.02.11 01:50:36.567,1.45825,1.4588,1.00,3.20
2010.02.11 01:50:37.838,1.45825,1.4588,1.60,3.20
2010.02.11 01:50:37.938,1.45825,1.45875,1.70,1.00
2010.02.11 01:50:49.192,1.4583,1.4588,1.00,3.30
2010.02.11 01:50:49.967,1.4583,1.4588,1.00,2.90
2010.02.11 01:50:53.491,1.45825,1.45875,2.10,1.00
2010.02.11 01:50:53.893,1.4583,1.4588,1.00,2.90
2010.02.11 01:50:54.794,1.4583,1.45885,1.00,1.30
2010.02.11 01:50:55.502,1.45835,1.45885,1.00,1.30
2010.02.11 01:50:55.724,1.45835,1.45885,1.00,1.70
2010.02.11 01:50:56.498,1.4583,1.4588,1.00,1.00
2010.02.11 01:50:57.372,1.4583,1.4588,1.00,1.00
2010.02.11 01:51:01.310,1.4584,1.45885,1.00,1.20
2010.02.11 01:51:05.418,1.4583,1.4588,1.00,2.80
2010.02.11 01:51:06.336,1.4583,1.4588,1.00,2.80
2010.02.11 01:51:06.493,1.4583,1.4588,1.00,2.90
2010.02.11 01:51:18.535,1.4583,1.4588,3.30,1.00
2010.02.11 01:51:18.797,1.4583,1.45885,1.10,1.30
2010.02.11 01:51:19.485,1.4583,1.45885,1.00,1.70
2010.02.11 01:51:19.838,1.45825,1.45885,3.30,1.70
2010.02.11 01:51:20.227,1.45825,1.45885,3.90,1.70
2010.02.11 01:51:20.579,1.45825,1.45885,4.40,1.70
2010.02.11 01:51:23.544,1.45825,1.45885,3.30,1.70
2010.02.11 01:51:28.427,1.4583,1.45885,1.00,1.70
2010.02.11 01:51:29.427,1.4583,1.4588,1.00,1.00
2010.02.11 01:51:30.120,1.45825,1.4588,1.00,3.30
2010.02.11 01:51:30.408,1.45825,1.4588,1.00,3.20
2010.02.11 01:51:30.696,1.45825,1.4588,1.00,3.30
2010.02.11 01:51:31.494,1.4583,1.4588,1.00,3.20
2010.02.11 01:51:31.714,1.4583,1.4588,1.00,2.80
2010.02.11 01:51:34.137,1.4582,1.4588,2.40,3.40
2010.02.11 01:51:34.284,1.4582,1.45875,1.60,1.20
2010.02.11 01:51:34.831,1.4582,1.45875,1.10,1.20
2010.02.11 01:51:35.183,1.4582,1.45875,1.00,1.20
2010.02.11 01:51:36.111,1.45825,1.45875,1.00,1.20
2010.02.11 01:51:36.703,1.45825,1.4587,1.00,2.80
2010.02.11 01:51:43.362,1.4583,1.4587,1.00,2.80
2010.02.11 01:51:51.720,1.4582,1.4587,1.00,2.80
2010.02.11 01:51:51.827,1.4582,1.4587,1.00,2.90
2010.02.11 01:52:11.477,1.4583,1.4587,1.00,2.80
2010.02.11 01:52:15.334,1.4583,1.45865,1.00,3.20
2010.02.11 01:52:16.017,1.4582,1.4586,1.00,1.60
2010.02.11 01:52:17.166,1.45815,1.4586,1.00,1.60
2010.02.11 01:52:17.502,1.4582,1.45865,1.60,1.60
2010.02.11 01:52:18.615,1.45825,1.4586,1.00,1.60
2010.02.11 01:52:20.833,1.4582,1.4586,1.00,1.60
2010.02.11 01:52:21.458,1.4582,1.4586,1.00,1.20
2010.02.11 01:52:21.657,1.4582,1.45865,1.00,1.00
2010.02.11 01:52:22.384,1.4582,1.45865,1.00,1.00
2010.02.11 01:52:23.757,1.45825,1.4587,1.00,1.00
2010.02.11 01:52:23.911,1.45825,1.45865,1.00,1.00
2010.02.11 01:52:24.617,1.45825,1.4588,1.00,1.20
2010.02.11 01:52:24.888,1.4582,1.4588,1.00,1.20
2010.02.11 01:52:25.624,1.4582,1.45875,1.00,1.60
2010.02.11 01:52:25.963,1.45825,1.45875,1.00,1.20
2010.02.11 01:52:26.277,1.4582,1.45875,1.00,1.20
2010.02.11 01:52:27.854,1.45815,1.45875,1.00,1.30
2010.02.11 01:52:28.024,1.45815,1.45865,1.00,1.20
2010.02.11 01:52:28.194,1.45815,1.45865,1.00,1.20
