2014.03.03 01:00:00.165,1.52392,1.52421,1.50,1.84
2014.03.03 01:00:00.266,1.52393,1.52421,1.50,1.00
2014.03.03 01:00:00.569,1.52397,1.52424,1.50,1.00
2014.03.03 01:00:00.923,1.52398,1.52428,1.83,1.18
2014.03.03 01:00:01.024,1.52399,1.52428,1.50,1.18
2014.03.03 01:00:01.542,1.52397,1.52426,3.75,1.00
2014.03.03 01:00:01.767,1.52397,1.52426,2.25,1.10
2014.03.03 01:00:03.668,1.52397,1.52428,1.83,1.15
2014.03.03 01:00:03.870,1.52391,1.52418,1.00,1.50
2014.03.03 01:00:03.971,1.52391,1.52416,1.00,1.50
2014.03.03 01:00:04.072,1.52388,1.52416,1.18,1.50
2014.03.03 01:00:04.546,1.52384,1.52413,1.50,1.08
2014.03.03 01:00:06.382,1.52383,1.52413,3.00,1.65
2014.03.03 01:00:06.685,1.52383,1.52413,2.25,1.15
2014.03.03 01:00:06.736,1.52386,1.52413,1.20,1.18
2014.03.03 01:00:07.745,1.52384,1.52413,2.25,1.15
2014.03.03 01:00:09.170,1.52384,1.52412,1.95,1.08
2014.03.03 01:00:09.221,1.52384,1.52414,1.28,1.50
2014.03.03 01:00:10.023,1.52382,1.5241,1.50,1.20
2014.03.03 01:00:10.226,1.52387,1.5241,1.08,1.10
2014.03.03 01:00:10.328,1.52387,1.52417,1.50,1.15
2014.03.03 01:00:10.429,1.52386,1.52417,1.95,1.83
2014.03.03 01:00:10.480,1.52386,1.52416,1.28,1.50
2014.03.03 01:00:15.563,1.52384,1.52412,1.95,1.15
2014.03.03 01:00:15.664,1.52384,1.52412,1.08,3.08
2014.03.03 01:00:15.775,1.52381,1.52407,1.10,1.50
2014.03.03 01:00:15.877,1.52376,1.52406,1.53,1.50
2014.03.03 01:00:16.232,1.52377,1.52405,1.20,1.58
2014.03.03 01:00:16.283,1.52377,1.52405,1.88,1.15
2014.03.03 01:00:21.797,1.5238,1.52409,1.50,1.18
2014.03.03 01:00:22.102,1.52384,1.52415,1.58,1.58
2014.03.03 01:00:24.630,1.5239,1.52419,1.50,1.15
2014.03.03 01:00:25.379,1.52391,1.52423,1.83,1.58
2014.03.03 01:00:25.936,1.52392,1.52423,1.50,1.15
2014.03.03 01:00:27.512,1.5239,1.52423,1.58,1.58
2014.03.03 01:00:27.764,1.5239,1.52422,1.58,1.83
2014.03.03 01:00:27.815,1.5239,1.5242,1.15,1.50
2014.03.03 01:00:28.142,1.5239,1.52417,1.18,1.02
2014.03.03 01:00:29.178,1.52387,1.52415,1.15,1.02
2014.03.03 01:00:29.229,1.52387,1.52415,1.15,1.69
2014.03.03 01:00:31.407,1.52384,1.52409,1.15,1.00
2014.03.03 01:00:31.610,1.52382,1.52412,1.95,1.30
2014.03.03 01:00:31.660,1.52382,1.52412,1.53,1.98
2014.03.03 01:00:31.862,1.52382,1.52413,1.53,2.59
2014.03.03 01:00:32.376,1.52382,1.52407,1.53,1.00
2014.03.03 01:00:32.920,1.52382,1.52407,1.18,1.08
2014.03.03 01:00:32.972,1.52382,1.52407,1.18,1.15
2014.03.03 01:00:33.225,1.52382,1.52406,1.58,1.00
2014.03.03 01:00:33.730,1.52383,1.52406,1.18,1.00
2014.03.03 01:00:34.953,1.5238,1.52411,1.15,1.34
2014.03.03 01:00:36.189,1.5238,1.5241,1.58,1.09
2014.03.03 01:00:36.290,1.5238,1.5241,2.25,1.09
2014.03.03 01:00:37.365,1.52383,1.5241,1.58,1.08
2014.03.03 01:00:37.466,1.52383,1.52411,2.25,1.20
2014.03.03 01:00:37.827,1.52385,1.52414,2.25,1.65
2014.03.03 01:00:39.785,1.52388,1.52414,1.15,1.15
2014.03.03 01:00:40.134,1.52388,1.52413,1.00,1.58
2014.03.03 01:00:40.236,1.52386,1.52413,1.10,1.58
2014.03.03 01:00:40.439,1.52385,1.52412,1.00,1.50
2014.03.03 01:00:40.894,1.52381,1.52409,1.18,1.50
2014.03.03 01:00:43.204,1.5238,1.52411,1.15,3.00
2014.03.03 01:00:43.631,1.5238,1.52408,1.00,1.50
2014.03.03 01:00:44.256,1.52378,1.52407,1.18,1.58
2014.03.03 01:00:44.408,1.52377,1.52404,1.50,1.10
2014.03.03 01:00:44.711,1.52376,1.52401,1.58,1.00
2014.03.03 01:00:45.402,1.52376,1.524,1.15,1.10
2014.03.03 01:00:45.604,1.52382,1.52407,1.00,1.15
2014.03.03 01:00:45.806,1.5238,1.52404,2.63,1.00
2014.03.03 01:00:45.958,1.52377,1.52404,4.13,1.00
2014.03.03 01:00:46.136,1.52383,1.52407,1.10,1.18
2014.03.03 01:00:46.237,1.52383,1.52407,1.15,1.00
2014.03.03 01:00:46.439,1.52382,1.52411,1.15,1.15
2014.03.03 01:00:46.490,1.5238,1.52409,2.70,1.65
2014.03.03 01:00:46.591,1.5238,1.52409,2.03,2.33
2014.03.03 01:00:46.693,1.52377,1.52408,1.15,1.88
2014.03.03 01:00:48.110,1.52377,1.52404,1.00,1.88
2014.03.03 01:00:49.216,1.52377,1.52401,1.00,1.83
2014.03.03 01:00:49.317,1.52373,1.52401,1.08,1.83
2014.03.03 01:00:51.505,1.52372,1.52399,1.13,1.50
2014.03.03 01:00:52.499,1.52372,1.52397,1.28,1.15
2014.03.03 01:00:52.802,1.52367,1.52391,2.33,1.00
2014.03.03 01:00:52.852,1.52367,1.52393,1.58,1.10
2014.03.03 01:00:53.488,1.52363,1.52393,1.58,1.15
2014.03.03 01:00:53.639,1.52363,1.52385,1.20,1.00
2014.03.03 01:00:53.690,1.52361,1.52385,1.53,1.18
2014.03.03 01:00:53.742,1.52361,1.52385,1.53,1.18
2014.03.03 01:00:54.045,1.52357,1.52385,1.90,1.58
2014.03.03 01:00:54.146,1.52355,1.52385,2.33,1.15
2014.03.03 01:00:54.594,1.52357,1.52383,2.25,1.00
2014.03.03 01:00:54.780,1.52357,1.52385,3.00,1.20
2014.03.03 01:00:56.458,1.52358,1.52386,1.58,1.08
2014.03.03 01:00:57.019,1.52359,1.52386,1.58,1.00
2014.03.03 01:00:57.252,1.52359,1.52384,1.58,1.00
2014.03.03 01:00:57.506,1.52352,1.52378,1.58,1.10
2014.03.03 01:00:57.607,1.52352,1.52375,1.58,1.00
2014.03.03 01:00:58.589,1.52351,1.52376,1.50,1.00
2014.03.03 01:00:59.443,1.52351,1.52375,1.50,1.00
2014.03.03 01:01:00.258,1.52351,1.52378,2.63,1.10
2014.03.03 01:01:00.661,1.52351,1.52376,1.50,1.00
2014.03.03 01:01:00.764,1.52351,1.5238,1.50,1.15
2014.03.03 01:01:01.016,1.52356,1.5238,1.00,1.00
2014.03.03 01:01:01.067,1.52356,1.5238,1.75,1.00
2014.03.03 01:01:01.468,1.52357,1.52385,1.50,1.18
2014.03.03 01:01:01.897,1.52359,1.52385,1.50,1.00
2014.03.03 01:01:02.433,1.52361,1.52389,1.50,1.58
2014.03.03 01:01:03.775,1.52362,1.52389,2.25,1.38
2014.03.03 01:01:04.695,1.52362,1.52391,2.25,1.10
2014.03.03 01:01:04.847,1.52369,1.52393,1.75,1.08
2014.03.03 01:01:04.948,1.52372,1.52396,1.15,1.00
2014.03.03 01:01:04.999,1.52374,1.52396,1.15,1.00
2014.03.03 01:01:05.100,1.52374,1.524,2.25,1.10
2014.03.03 01:01:05.303,1.52376,1.52403,1.50,1.00
2014.03.03 01:01:05.848,1.52376,1.52407,1.50,1.65
2014.03.03 01:01:05.957,1.52376,1.52407,1.50,1.65
2014.03.03 01:01:06.469,1.52377,1.52407,1.50,1.15
2014.03.03 01:01:06.745,1.52378,1.52408,1.50,1.18
2014.03.03 01:01:08.729,1.52378,1.5241,1.58,1.95
2014.03.03 01:01:09.557,1.52394,1.52408,1.00,1.15
2014.03.03 01:01:09.608,1.52394,1.5241,1.00,1.18
2014.03.03 01:01:09.659,1.524,1.5241,1.00,1.18
2014.03.03 01:01:09.710,1.524,1.52417,1.00,1.00
2014.03.03 01:01:09.811,1.524,1.52422,1.50,1.00
2014.03.03 01:01:09.963,1.52399,1.52406,1.00,1.15
2014.03.03 01:01:10.064,1.52396,1.52402,1.00,1.00
2014.03.03 01:01:10.115,1.52396,1.52412,1.00,1.00
2014.03.03 01:01:10.216,1.5239,1.52415,1.00,1.50
2014.03.03 01:01:10.266,1.5239,1.52414,2.25,1.00
2014.03.03 01:01:10.468,1.5239,1.52421,1.50,1.53
2014.03.03 01:01:11.674,1.52393,1.52421,2.25,1.48
2014.03.03 01:01:11.725,1.52393,1.52421,2.25,1.10
2014.03.03 01:01:12.059,1.52393,1.52415,2.25,1.00
2014.03.03 01:01:12.362,1.52382,1.52413,1.15,1.28
2014.03.03 01:01:12.413,1.52389,1.52413,1.00,1.28
2014.03.03 01:01:12.565,1.5239,1.52417,1.50,1.10
2014.03.03 01:01:12.803,1.52391,1.52421,1.50,1.18
2014.03.03 01:01:14.086,1.52391,1.52408,1.50,1.00
2014.03.03 01:01:14.239,1.52388,1.52408,1.15,1.00
2014.03.03 01:01:14.441,1.52383,1.52408,2.25,1.00
2014.03.03 01:01:14.666,1.52383,1.52405,2.25,1.00
2014.03.03 01:01:15.330,1.52394,1.52416,1.00,2.25
2014.03.03 01:01:15.532,1.524,1.52419,1.28,1.00
2014.03.03 01:01:15.634,1.524,1.52425,1.28,1.15
2014.03.03 01:01:15.735,1.524,1.52425,1.65,1.00
2014.03.03 01:01:16.256,1.524,1.52426,1.65,1.00
2014.03.03 01:01:16.930,1.524,1.52426,1.65,1.65
2014.03.03 01:01:18.181,1.52396,1.52411,1.10,1.00
2014.03.03 01:01:18.283,1.5239,1.52411,1.15,1.00
2014.03.03 01:01:18.485,1.52386,1.52411,1.15,1.00
2014.03.03 01:01:18.955,1.52384,1.52406,2.25,1.00
2014.03.03 01:01:20.496,1.52384,1.52405,2.25,1.00
2014.03.03 01:01:20.800,1.52379,1.52401,1.50,1.00
2014.03.03 01:01:21.337,1.52379,1.52405,1.50,1.00
2014.03.03 01:01:21.886,1.52379,1.524,1.50,1.00
2014.03.03 01:01:23.535,1.52379,1.52401,1.50,1.00
2014.03.03 01:01:27.645,1.52379,1.52402,1.50,1.00
2014.03.03 01:01:27.848,1.52369,1.52399,1.58,1.20
2014.03.03 01:01:28.050,1.52366,1.52394,1.50,1.08
2014.03.03 01:01:28.817,1.52365,1.52391,1.88,1.00
2014.03.03 01:01:29.474,1.52365,1.5239,1.88,1.00
2014.03.03 01:01:31.886,1.52364,1.5239,1.58,1.00
2014.03.03 01:01:32.545,1.52365,1.5239,1.83,1.00
2014.03.03 01:01:32.867,1.52365,1.5239,1.15,1.00
2014.03.03 01:01:32.918,1.52365,1.52386,1.15,1.00
2014.03.03 01:01:33.766,1.52365,1.52386,1.58,1.00
2014.03.03 01:01:35.276,1.52365,1.52386,1.15,1.00
2014.03.03 01:01:35.631,1.52365,1.52386,1.18,1.00
2014.03.03 01:01:35.733,1.52364,1.52386,1.50,1.00
2014.03.03 01:01:35.936,1.52363,1.52385,1.15,1.00
2014.03.03 01:01:36.391,1.52362,1.52385,1.50,1.00
2014.03.03 01:01:36.904,1.52362,1.52384,1.50,1.00
2014.03.03 01:01:37.055,1.52362,1.52387,1.50,1.00
2014.03.03 01:01:37.604,1.5236,1.52387,1.50,1.10
2014.03.03 01:01:37.958,1.5236,1.52385,1.50,1.00
2014.03.03 01:01:38.110,1.52359,1.52385,1.15,1.18
2014.03.03 01:01:38.312,1.52355,1.52381,1.50,1.00
2014.03.03 01:01:38.655,1.52358,1.52383,1.58,1.00
2014.03.03 01:01:38.908,1.52359,1.52384,2.25,1.00
2014.03.03 01:01:39.163,1.52361,1.52387,1.83,1.00
2014.03.03 01:01:39.383,1.52362,1.5239,1.50,1.55
2014.03.03 01:01:40.673,1.52362,1.52389,1.50,1.70
2014.03.03 01:01:41.253,1.52362,1.52389,1.50,1.80
2014.03.03 01:01:41.863,1.52362,1.52389,1.50,1.70
2014.03.03 01:01:42.067,1.5236,1.52389,2.25,1.15
2014.03.03 01:01:42.641,1.5236,1.52388,1.58,1.18
2014.03.03 01:01:42.843,1.52354,1.52382,1.18,1.50
2014.03.03 01:01:43.403,1.5235,1.52383,1.83,1.95
2014.03.03 01:01:43.471,1.5235,1.52383,2.25,1.28
2014.03.03 01:01:45.704,1.5235,1.5238,1.50,1.18
2014.03.03 01:01:50.055,1.52349,1.52372,1.83,1.00
2014.03.03 01:01:50.513,1.52349,1.52372,1.15,1.00
2014.03.03 01:01:50.614,1.52349,1.52378,1.15,1.40
2014.03.03 01:01:50.665,1.52349,1.52378,1.18,2.08
2014.03.03 01:01:50.716,1.52345,1.52375,1.65,1.15
2014.03.03 01:01:55.335,1.52344,1.52371,2.25,1.00
2014.03.03 01:01:56.217,1.52344,1.52375,2.25,1.65
2014.03.03 01:01:59.100,1.52344,1.5236,1.50,1.13
2014.03.03 01:01:59.151,1.52344,1.52359,1.00,1.20
2014.03.03 01:01:59.202,1.5234,1.52356,1.00,1.83
2014.03.03 01:01:59.304,1.52333,1.52351,1.00,1.15
2014.03.03 01:01:59.520,1.52333,1.52351,1.00,1.00
2014.03.03 01:02:00.263,1.52334,1.52351,1.00,1.00
2014.03.03 01:02:00.314,1.52334,1.52356,1.00,1.18
2014.03.03 01:02:00.365,1.52333,1.52356,2.25,1.10
2014.03.03 01:02:00.516,1.52334,1.52362,2.25,1.00
2014.03.03 01:02:04.427,1.52334,1.52362,2.33,1.18
2014.03.03 01:02:04.887,1.52334,1.52362,1.15,1.15
2014.03.03 01:02:06.990,1.52334,1.52362,1.15,1.08
2014.03.03 01:02:07.041,1.52334,1.52362,1.83,1.08
2014.03.03 01:02:07.355,1.52333,1.52362,1.15,1.28
2014.03.03 01:02:07.809,1.52331,1.5236,1.15,1.15
2014.03.03 01:02:08.113,1.52333,1.5236,1.58,1.18
2014.03.03 01:02:08.467,1.52337,1.52363,1.15,1.15
2014.03.03 01:02:08.770,1.52337,1.52365,1.58,1.15
2014.03.03 01:02:12.434,1.52337,1.52365,1.15,1.15
2014.03.03 01:02:13.008,1.52334,1.52365,1.58,1.95
2014.03.03 01:02:13.312,1.52328,1.52361,3.75,1.83
2014.03.03 01:02:13.514,1.52326,1.52359,1.58,3.19
2014.03.03 01:02:14.056,1.52326,1.52356,2.25,1.18
2014.03.03 01:02:16.129,1.52325,1.5235,2.25,3.60
2014.03.03 01:02:16.180,1.52323,1.5235,1.00,4.35
2014.03.03 01:02:16.281,1.52322,1.52347,1.00,1.43
2014.03.03 01:02:16.586,1.52322,1.52342,1.00,1.15
2014.03.03 01:02:17.093,1.52323,1.52342,1.00,1.15
2014.03.03 01:02:17.551,1.52323,1.52342,1.00,1.00
2014.03.03 01:02:18.097,1.52322,1.52342,1.00,1.00
2014.03.03 01:02:19.552,1.52324,1.52342,1.00,1.00
2014.03.03 01:02:20.064,1.52323,1.52342,1.00,1.15
2014.03.03 01:02:20.216,1.52321,1.52342,1.00,1.15
2014.03.03 01:02:20.418,1.52321,1.52342,1.00,1.15
2014.03.03 01:02:20.570,1.52319,1.52342,1.00,1.15
2014.03.03 01:02:20.874,1.52321,1.52342,1.00,1.15
2014.03.03 01:02:21.077,1.52321,1.52342,1.00,1.15
2014.03.03 01:02:21.330,1.52321,1.52342,1.00,1.15
2014.03.03 01:02:21.759,1.52321,1.52342,1.00,1.83
2014.03.03 01:02:21.860,1.52321,1.52338,1.00,1.10
2014.03.03 01:02:21.961,1.52321,1.52341,1.00,2.93
2014.03.03 01:02:22.012,1.52316,1.52341,1.08,2.93
2014.03.03 01:02:22.063,1.52316,1.52339,1.00,2.25
2014.03.03 01:02:22.114,1.52316,1.52337,1.00,1.43
2014.03.03 01:02:22.366,1.52316,1.52337,1.00,1.15
2014.03.03 01:02:22.417,1.52313,1.52337,1.10,1.15
2014.03.03 01:02:23.617,1.52311,1.52337,1.08,1.15
2014.03.03 01:02:24.131,1.52311,1.52337,1.00,1.15
2014.03.03 01:02:26.004,1.52311,1.52337,1.08,1.15
2014.03.03 01:02:26.106,1.52311,1.52337,1.15,1.18
2014.03.03 01:02:26.712,1.52312,1.52335,1.10,1.88
2014.03.03 01:02:27.015,1.52312,1.52329,1.00,1.08
2014.03.03 01:02:27.319,1.52312,1.52333,1.00,1.15
2014.03.03 01:02:27.571,1.52312,1.52334,1.00,1.83
2014.03.03 01:02:28.177,1.52313,1.52333,1.00,1.50
2014.03.03 01:02:28.480,1.52313,1.52326,1.00,2.25
2014.03.03 01:02:28.732,1.52307,1.52325,1.00,1.50
2014.03.03 01:02:28.985,1.52307,1.52323,1.00,1.50
2014.03.03 01:02:29.238,1.52306,1.52324,1.00,1.15
2014.03.03 01:02:29.795,1.52311,1.52328,1.00,1.50
2014.03.03 01:02:29.997,1.52311,1.52334,1.00,2.03
2014.03.03 01:02:30.200,1.5231,1.52336,1.08,1.58
2014.03.03 01:02:30.251,1.5231,1.52336,1.15,1.08
2014.03.03 01:02:30.842,1.5231,1.52339,1.15,1.83
2014.03.03 01:02:31.306,1.5231,1.52336,1.00,1.50
2014.03.03 01:02:31.457,1.52308,1.52336,1.20,2.25
2014.03.03 01:02:32.659,1.5231,1.52336,1.00,2.25
2014.03.03 01:02:33.473,1.5231,1.52336,1.08,2.33
2014.03.03 01:02:33.524,1.5231,1.52336,1.15,1.15
2014.03.03 01:02:33.675,1.52312,1.52336,1.00,3.08
2014.03.03 01:02:33.777,1.52312,1.52335,1.00,1.50
2014.03.03 01:02:34.480,1.52311,1.52335,1.00,1.58
2014.03.03 01:02:35.139,1.5231,1.52335,1.00,1.58
2014.03.03 01:02:36.655,1.52305,1.52332,1.15,1.08
2014.03.03 01:02:37.016,1.52305,1.52331,1.00,1.50
2014.03.03 01:02:37.118,1.52305,1.52332,1.15,1.15
2014.03.03 01:02:44.218,1.52303,1.52333,1.58,1.15
2014.03.03 01:02:44.661,1.52303,1.52333,1.15,1.83
2014.03.03 01:02:44.987,1.52306,1.52335,1.28,1.83
2014.03.03 01:02:45.088,1.52306,1.52335,1.28,1.15
2014.03.03 01:02:45.643,1.52308,1.52335,1.00,1.50
2014.03.03 01:02:46.158,1.52305,1.52335,1.65,1.50
2014.03.03 01:02:46.565,1.52305,1.52337,1.65,3.00
2014.03.03 01:02:46.616,1.52311,1.52337,1.00,2.25
2014.03.03 01:02:46.919,1.52311,1.52337,1.15,1.15
2014.03.03 01:02:47.656,1.52311,1.5234,1.15,1.15
2014.03.03 01:02:47.959,1.52312,1.52339,1.10,2.25
2014.03.03 01:02:53.307,1.5231,1.52339,2.03,1.65
2014.03.03 01:02:54.372,1.52309,1.52336,1.15,1.08
2014.03.03 01:02:54.880,1.52309,1.52335,1.15,1.18
2014.03.03 01:02:55.885,1.52309,1.5233,1.15,1.00
2014.03.03 01:02:55.936,1.52309,1.5233,1.10,1.10
2014.03.03 01:02:56.037,1.52302,1.5233,1.95,1.15
2014.03.03 01:02:56.665,1.52305,1.52333,1.20,1.15
2014.03.03 01:02:56.716,1.52305,1.52333,1.20,1.15
2014.03.03 01:02:56.817,1.52306,1.52333,1.50,1.10
2014.03.03 01:02:59.843,1.52308,1.52334,3.38,1.00
2014.03.03 01:03:00.147,1.5231,1.52332,1.20,1.00
2014.03.03 01:03:00.452,1.5231,1.52329,1.08,1.00
2014.03.03 01:03:00.502,1.52305,1.52329,2.25,1.00
2014.03.03 01:03:00.604,1.5231,1.52335,1.18,1.18
2014.03.03 01:03:00.756,1.5231,1.52335,2.70,1.10
2014.03.03 01:03:00.908,1.5231,1.52338,3.38,1.10
2014.03.03 01:03:01.757,1.52312,1.52338,1.20,1.18
2014.03.03 01:03:01.808,1.5231,1.52338,2.70,1.15
2014.03.03 01:03:04.900,1.52308,1.52333,1.53,1.10
2014.03.03 01:03:05.407,1.52307,1.52334,1.95,1.18
2014.03.03 01:03:07.639,1.52307,1.52331,1.53,1.20
2014.03.03 01:03:08.992,1.52305,1.52332,1.53,1.15
2014.03.03 01:03:10.306,1.52305,1.52332,1.65,1.15
2014.03.03 01:03:10.832,1.52305,1.52332,1.28,1.18
2014.03.03 01:03:12.181,1.52304,1.52327,2.33,1.00
2014.03.03 01:03:12.282,1.52303,1.52327,1.20,1.15
2014.03.03 01:03:15.654,1.523,1.52329,1.65,1.95
2014.03.03 01:03:15.704,1.523,1.52328,1.65,1.50
2014.03.03 01:03:16.093,1.52305,1.52327,1.00,1.58
2014.03.03 01:03:16.245,1.52305,1.52327,1.08,1.10
2014.03.03 01:03:16.547,1.52301,1.52326,1.08,1.08
2014.03.03 01:03:16.598,1.523,1.52326,1.15,1.15
2014.03.03 01:03:18.280,1.523,1.52327,1.18,2.33
2014.03.03 01:03:18.817,1.523,1.52327,1.18,3.00
2014.03.03 01:03:20.410,1.52305,1.52327,1.00,2.25
2014.03.03 01:03:20.511,1.52305,1.52327,1.10,1.08
2014.03.03 01:03:20.764,1.523,1.52329,1.65,1.58
2014.03.03 01:03:20.865,1.523,1.52329,1.65,1.15
2014.03.03 01:03:23.922,1.523,1.52329,1.65,1.58
2014.03.03 01:03:25.695,1.523,1.52329,1.65,2.33
2014.03.03 01:03:27.650,1.523,1.52327,1.65,1.15
2014.03.03 01:03:27.701,1.523,1.52327,1.65,1.15
2014.03.03 01:03:28.242,1.523,1.52327,1.65,1.15
2014.03.03 01:03:28.343,1.52308,1.52327,1.00,1.18
2014.03.03 01:03:28.647,1.52307,1.52334,1.58,1.18
2014.03.03 01:03:28.748,1.52305,1.52333,1.18,1.83
2014.03.03 01:03:28.849,1.52305,1.52333,1.08,1.20
2014.03.03 01:03:29.001,1.52304,1.52332,1.58,1.15
2014.03.03 01:03:29.467,1.52306,1.52334,1.15,1.15
2014.03.03 01:03:29.759,1.52307,1.52334,1.28,1.15
2014.03.03 01:03:29.810,1.52307,1.52334,1.28,1.15
2014.03.03 01:03:30.248,1.52307,1.52334,1.28,1.15
2014.03.03 01:03:30.767,1.52306,1.52334,1.20,1.15
2014.03.03 01:03:31.462,1.52303,1.52334,3.38,1.15
2014.03.03 01:03:31.664,1.52303,1.52331,1.20,1.18
2014.03.03 01:03:31.715,1.52301,1.52331,3.38,1.15
2014.03.03 01:03:31.867,1.52301,1.52324,3.38,1.00
2014.03.03 01:03:32.019,1.52301,1.52324,1.53,1.00
2014.03.03 01:03:32.120,1.52301,1.52325,1.28,1.20
2014.03.03 01:03:32.622,1.52305,1.52327,1.00,1.15
2014.03.03 01:03:33.343,1.52306,1.52327,1.00,1.15
2014.03.03 01:03:33.656,1.52306,1.52327,1.00,1.15
2014.03.03 01:03:33.858,1.52302,1.52327,1.00,1.15
2014.03.03 01:03:33.959,1.52302,1.52325,1.00,1.15
2014.03.03 01:03:34.274,1.52302,1.52321,1.00,1.15
2014.03.03 01:03:34.476,1.52291,1.52318,1.10,3.00
2014.03.03 01:03:36.884,1.52288,1.52316,1.20,2.25
2014.03.03 01:03:40.975,1.52288,1.52315,1.65,1.15
2014.03.03 01:03:41.026,1.52288,1.52315,2.03,1.15
2014.03.03 01:03:41.178,1.52289,1.52314,1.18,1.15
2014.03.03 01:03:41.481,1.52287,1.52314,2.03,1.15
2014.03.03 01:03:42.068,1.52284,1.52313,1.95,2.33
2014.03.03 01:03:42.574,1.52285,1.52311,1.18,1.15
2014.03.03 01:03:46.356,1.52286,1.52308,1.10,1.00
2014.03.03 01:03:46.762,1.52284,1.52308,1.08,1.18
2014.03.03 01:03:46.942,1.5228,1.52308,2.78,1.15
2014.03.03 01:03:48.752,1.5228,1.52308,3.53,1.18
2014.03.03 01:03:48.803,1.5228,1.52308,3.53,1.18
2014.03.03 01:03:52.910,1.5228,1.52306,1.53,1.00
2014.03.03 01:03:54.701,1.5228,1.52305,1.53,1.00
2014.03.03 01:03:55.055,1.5228,1.52305,1.65,1.15
2014.03.03 01:03:55.258,1.52276,1.52302,1.65,1.08
2014.03.03 01:03:56.003,1.52275,1.52302,1.65,1.08
2014.03.03 01:03:56.504,1.52275,1.52302,1.53,1.15
2014.03.03 01:03:59.884,1.52279,1.52303,1.00,1.15
2014.03.03 01:04:00.187,1.52285,1.52303,1.00,1.15
2014.03.03 01:04:00.288,1.52285,1.52303,1.18,1.00
2014.03.03 01:04:00.339,1.52285,1.52306,1.18,1.00
2014.03.03 01:04:00.491,1.52278,1.52307,2.40,1.15
2014.03.03 01:04:00.592,1.52278,1.52307,1.65,3.00
2014.03.03 01:04:00.946,1.52277,1.52307,1.95,1.15
2014.03.03 01:04:03.328,1.52277,1.52307,1.53,1.83
2014.03.03 01:04:03.632,1.52281,1.52307,1.13,1.18
2014.03.03 01:04:03.683,1.52281,1.52307,1.20,1.10
2014.03.03 01:04:03.733,1.5228,1.52307,1.88,1.08
2014.03.03 01:04:03.986,1.5228,1.52307,1.20,1.00
2014.03.03 01:04:04.075,1.52279,1.52307,1.20,1.08
2014.03.03 01:04:04.435,1.5228,1.52307,1.88,1.00
2014.03.03 01:04:05.054,1.5228,1.52309,1.88,1.15
2014.03.03 01:04:08.018,1.52282,1.52312,1.20,1.15
2014.03.03 01:04:08.696,1.52283,1.52312,1.20,1.15
2014.03.03 01:04:11.057,1.52285,1.52312,1.95,1.15
2014.03.03 01:04:11.624,1.52285,1.52312,1.95,1.08
2014.03.03 01:04:13.036,1.52285,1.52312,1.28,1.15
2014.03.03 01:04:16.948,1.52285,1.52312,1.28,1.15
2014.03.03 01:04:16.999,1.52285,1.52312,1.28,1.58
2014.03.03 01:04:21.445,1.52288,1.52312,1.15,1.00
2014.03.03 01:04:22.234,1.52287,1.52316,1.28,1.15
2014.03.03 01:04:23.423,1.52288,1.52316,1.83,1.08
2014.03.03 01:04:23.851,1.52291,1.52318,1.83,1.08
2014.03.03 01:04:23.952,1.52292,1.52321,1.50,1.48
2014.03.03 01:04:24.105,1.52294,1.52321,1.50,1.00
2014.03.03 01:04:24.408,1.52298,1.52325,1.20,1.18
2014.03.03 01:04:25.698,1.52298,1.52328,1.95,1.58
2014.03.03 01:04:26.232,1.52298,1.52328,1.53,2.25
2014.03.03 01:04:26.334,1.52298,1.52328,1.53,1.15
2014.03.03 01:04:27.626,1.52301,1.52328,1.20,1.08
2014.03.03 01:04:27.678,1.52301,1.52328,2.63,1.00
2014.03.03 01:04:27.881,1.523,1.52331,1.83,3.08
2014.03.03 01:04:27.932,1.52297,1.52328,2.25,1.15
2014.03.03 01:04:27.983,1.52297,1.52328,1.58,1.58
2014.03.03 01:04:28.034,1.52297,1.52324,1.28,1.15
2014.03.03 01:04:28.186,1.52296,1.52325,1.18,1.20
2014.03.03 01:04:28.237,1.52296,1.52325,1.10,1.88
2014.03.03 01:04:30.581,1.52296,1.52324,1.58,1.28
2014.03.03 01:04:31.522,1.52296,1.52324,1.65,1.95
2014.03.03 01:04:32.027,1.52296,1.52324,1.10,2.70
2014.03.03 01:04:32.611,1.52296,1.52323,1.08,1.15
2014.03.03 01:04:35.456,1.52296,1.52322,1.58,1.18
2014.03.03 01:04:35.557,1.52296,1.52322,1.58,1.10
2014.03.03 01:04:38.252,1.52296,1.52323,1.58,1.15
2014.03.03 01:04:38.408,1.52296,1.52323,1.15,1.15
2014.03.03 01:04:41.350,1.52296,1.52323,1.58,1.08
2014.03.03 01:04:46.583,1.52294,1.52323,1.58,1.08
2014.03.03 01:04:46.684,1.52294,1.52322,1.15,1.65
2014.03.03 01:04:46.786,1.52291,1.52322,1.15,1.15
2014.03.03 01:04:46.887,1.52291,1.52317,1.15,1.08
2014.03.03 01:04:47.089,1.52291,1.52315,1.20,1.15
2014.03.03 01:04:47.241,1.52291,1.52315,1.18,1.08
2014.03.03 01:04:51.837,1.52291,1.52317,1.00,1.15
2014.03.03 01:04:52.476,1.5229,1.52315,1.10,1.15
2014.03.03 01:04:52.913,1.5229,1.52315,1.15,1.18
2014.03.03 01:04:53.216,1.52294,1.52321,1.18,1.15
2014.03.03 01:04:53.367,1.52301,1.52321,1.00,1.15
2014.03.03 01:04:53.418,1.52301,1.52321,1.00,1.08
2014.03.03 01:04:53.671,1.52303,1.52325,1.00,1.15
2014.03.03 01:04:53.772,1.52303,1.5233,1.18,1.53
2014.03.03 01:04:53.873,1.52303,1.52332,3.45,1.15
2014.03.03 01:04:53.974,1.52304,1.52332,1.88,1.20
2014.03.03 01:04:54.075,1.52303,1.52332,1.15,1.15
2014.03.03 01:04:54.590,1.52301,1.52332,1.83,1.58
2014.03.03 01:04:54.640,1.52301,1.52332,1.15,2.25
2014.03.03 01:04:54.850,1.52301,1.52332,3.00,1.28
2014.03.03 01:04:55.190,1.523,1.52329,1.58,1.15
2014.03.03 01:04:58.578,1.52298,1.52328,1.95,1.28
2014.03.03 01:04:58.831,1.52299,1.52326,1.50,1.00
2014.03.03 01:05:00.208,1.52297,1.52326,3.00,1.15
2014.03.03 01:05:00.861,1.52299,1.52326,1.58,1.10
2014.03.03 01:05:01.164,1.52301,1.52326,1.58,1.00
2014.03.03 01:05:01.803,1.52301,1.52327,1.58,1.10
2014.03.03 01:05:05.874,1.52302,1.52327,1.50,1.00
2014.03.03 01:05:05.975,1.52302,1.52329,1.50,1.00
2014.03.03 01:05:07.332,1.52302,1.52328,1.50,1.00
2014.03.03 01:05:08.811,1.52306,1.52328,1.50,1.00
2014.03.03 01:05:08.862,1.52306,1.52332,1.50,1.00
2014.03.03 01:05:08.963,1.52309,1.52334,1.15,1.10
2014.03.03 01:05:09.014,1.5231,1.52334,1.50,1.00
2014.03.03 01:05:09.317,1.52312,1.52336,1.58,1.00
2014.03.03 01:05:09.569,1.52312,1.52336,1.15,1.10
2014.03.03 01:05:09.872,1.52309,1.52334,1.83,1.00
2014.03.03 01:05:10.933,1.52307,1.52334,2.33,1.08
2014.03.03 01:05:10.984,1.52306,1.52334,1.15,1.15
2014.03.03 01:05:12.279,1.52307,1.52332,1.15,1.18
2014.03.03 01:05:13.403,1.52306,1.52332,2.25,1.00
2014.03.03 01:05:13.505,1.5231,1.52335,1.10,1.15
2014.03.03 01:05:14.010,1.52306,1.52335,2.33,1.15
2014.03.03 01:05:14.162,1.52306,1.52335,1.15,1.58
2014.03.03 01:05:14.364,1.52306,1.52335,1.28,1.83
2014.03.03 01:05:14.675,1.52306,1.52333,1.15,1.15
2014.03.03 01:05:18.365,1.52305,1.52335,1.53,1.50
2014.03.03 01:05:22.285,1.52308,1.52335,1.00,1.50
2014.03.03 01:05:23.393,1.52306,1.52335,1.15,1.50
2014.03.03 01:05:30.688,1.52306,1.52334,1.18,1.83
2014.03.03 01:05:31.045,1.52306,1.52334,1.18,1.83
2014.03.03 01:05:31.096,1.52308,1.52334,1.08,1.15
2014.03.03 01:05:42.624,1.52306,1.52337,1.65,1.15
2014.03.03 01:05:42.674,1.52306,1.52337,1.65,1.83
2014.03.03 01:05:43.435,1.52306,1.52336,1.65,1.50
2014.03.03 01:05:53.862,1.52306,1.52336,2.33,1.15
2014.03.03 01:05:57.237,1.52306,1.52336,1.15,2.33
2014.03.03 01:05:57.288,1.52306,1.52336,1.15,2.33
2014.03.03 01:06:15.056,1.52306,1.52334,2.33,1.18
2014.03.03 01:06:15.107,1.52306,1.52334,3.00,1.10
2014.03.03 01:06:20.841,1.52306,1.52336,1.53,1.15
2014.03.03 01:06:22.232,1.52306,1.52332,1.53,1.00
2014.03.03 01:06:23.598,1.52306,1.52332,1.15,1.18
2014.03.03 01:06:27.702,1.52306,1.52326,1.00,1.15
2014.03.03 01:06:28.495,1.52306,1.52326,1.00,1.15
2014.03.03 01:06:32.345,1.52307,1.52326,1.00,1.15
2014.03.03 01:06:33.943,1.52307,1.52326,1.00,1.10
2014.03.03 01:06:34.645,1.52306,1.52326,1.00,1.10
2014.03.03 01:06:35.582,1.52306,1.52326,1.00,1.18
2014.03.03 01:06:36.296,1.52307,1.52326,1.00,1.18
2014.03.03 01:06:36.778,1.52305,1.52326,1.00,1.18
2014.03.03 01:06:37.134,1.52303,1.52326,1.00,1.18
2014.03.03 01:06:37.185,1.52303,1.52326,1.00,1.15
2014.03.03 01:06:41.021,1.52303,1.52324,1.00,1.20
2014.03.03 01:06:46.493,1.52304,1.52324,1.00,1.20
2014.03.03 01:06:46.908,1.52303,1.52324,1.88,1.15
2014.03.03 01:06:47.755,1.52304,1.52324,1.00,1.58
2014.03.03 01:06:47.806,1.52301,1.52324,1.13,1.58
2014.03.03 01:06:47.907,1.52301,1.52322,1.00,1.20
2014.03.03 01:06:48.009,1.52296,1.5232,1.00,1.53
2014.03.03 01:06:48.110,1.52296,1.52317,1.00,1.28
2014.03.03 01:06:48.363,1.52294,1.52314,1.50,1.15
2014.03.03 01:06:49.662,1.52294,1.52314,1.00,1.58
2014.03.03 01:06:49.965,1.52293,1.52311,1.00,1.15
2014.03.03 01:06:51.382,1.52286,1.52308,1.38,1.15
2014.03.03 01:06:51.635,1.52288,1.52308,1.00,1.15
2014.03.03 01:06:51.736,1.52285,1.52308,1.13,1.95
2014.03.03 01:06:51.938,1.52285,1.52304,1.00,1.15
2014.03.03 01:06:54.082,1.52283,1.52302,1.88,1.18
2014.03.03 01:06:56.928,1.52283,1.52299,1.00,1.00
2014.03.03 01:07:10.561,1.52285,1.52299,1.00,1.00
2014.03.03 01:07:10.712,1.52285,1.52302,1.00,1.10
2014.03.03 01:07:10.763,1.52287,1.52302,1.00,1.10
2014.03.03 01:07:13.005,1.52287,1.52305,1.00,1.20
2014.03.03 01:07:13.552,1.52286,1.52305,1.00,1.10
2014.03.03 01:07:15.270,1.52285,1.52305,1.00,1.10
2014.03.03 01:07:18.182,1.52285,1.52305,1.00,1.15
2014.03.03 01:07:26.200,1.52287,1.52304,1.00,1.18
2014.03.03 01:07:26.301,1.52287,1.52307,1.00,1.10
2014.03.03 01:07:26.818,1.52286,1.52309,1.10,1.15
2014.03.03 01:07:28.084,1.52286,1.52309,1.00,1.15
2014.03.03 01:07:28.185,1.52278,1.52309,1.58,1.83
2014.03.03 01:07:28.336,1.52278,1.52306,1.10,1.58
2014.03.03 01:07:29.296,1.5227,1.52301,1.83,1.28
2014.03.03 01:07:29.548,1.52271,1.52301,2.25,1.28
2014.03.03 01:07:29.650,1.5227,1.52301,2.25,1.15
2014.03.03 01:07:29.701,1.5227,1.52301,2.25,1.15
2014.03.03 01:07:31.377,1.5227,1.52299,1.15,1.20
2014.03.03 01:07:31.478,1.5227,1.52301,3.00,1.90
2014.03.03 01:07:31.680,1.52269,1.523,3.08,1.65
2014.03.03 01:07:32.794,1.5227,1.523,2.33,1.65
2014.03.03 01:07:32.895,1.52274,1.523,1.15,1.48
2014.03.03 01:07:33.047,1.52274,1.52302,3.83,1.45
2014.03.03 01:07:34.120,1.52273,1.52299,2.33,1.20
2014.03.03 01:07:34.171,1.52271,1.52299,1.15,1.28
2014.03.03 01:07:34.222,1.5227,1.52299,1.15,1.95
2014.03.03 01:07:35.668,1.52267,1.52296,2.25,1.15
2014.03.03 01:07:35.971,1.52268,1.52296,1.83,1.15
2014.03.03 01:07:36.123,1.52268,1.52296,1.15,1.15
2014.03.03 01:07:36.224,1.52268,1.52296,1.58,1.18
2014.03.03 01:07:36.275,1.52268,1.52296,1.58,1.10
2014.03.03 01:07:36.427,1.52268,1.52296,1.15,1.08
2014.03.03 01:07:36.629,1.52268,1.52296,1.58,1.18
2014.03.03 01:07:37.278,1.52268,1.52296,1.58,1.10
2014.03.03 01:07:37.616,1.52268,1.52296,1.15,1.08
2014.03.03 01:07:37.668,1.52268,1.52296,1.15,1.15
2014.03.03 01:07:58.991,1.52265,1.52296,1.20,1.58
2014.03.03 01:07:59.093,1.52263,1.52292,1.88,1.15
2014.03.03 01:07:59.195,1.52263,1.52292,1.20,1.15
2014.03.03 01:07:59.296,1.52263,1.52292,1.53,1.15
2014.03.03 01:08:01.241,1.52262,1.52292,2.03,1.83
2014.03.03 01:08:01.818,1.52262,1.52289,2.03,1.15
2014.03.03 01:08:02.134,1.52265,1.52289,1.53,1.00
2014.03.03 01:08:02.184,1.52265,1.52293,1.53,1.15
2014.03.03 01:08:02.691,1.52266,1.52293,1.95,1.18
2014.03.03 01:08:02.742,1.52269,1.52293,1.53,1.20
2014.03.03 01:08:02.793,1.52269,1.52293,1.53,1.10
2014.03.03 01:08:03.046,1.52271,1.523,1.20,1.53
2014.03.03 01:08:05.870,1.52272,1.523,2.03,1.53
2014.03.03 01:08:06.022,1.52274,1.52304,1.88,1.53
2014.03.03 01:08:06.385,1.52276,1.52304,1.20,1.18
2014.03.03 01:08:06.436,1.52276,1.52304,1.88,1.20
2014.03.03 01:08:06.739,1.52279,1.52304,1.28,1.10
2014.03.03 01:08:06.841,1.52279,1.52307,1.53,1.53
2014.03.03 01:08:07.795,1.52278,1.52308,1.68,1.58
2014.03.03 01:08:08.443,1.52277,1.52305,1.39,1.18
2014.03.03 01:08:13.165,1.52276,1.52305,1.53,1.15
2014.03.03 01:08:14.236,1.52277,1.52305,1.20,1.15
2014.03.03 01:08:15.561,1.52278,1.52305,1.20,1.20
2014.03.03 01:08:18.702,1.52279,1.52308,1.20,1.93
2014.03.03 01:08:18.753,1.52279,1.52308,1.50,1.58
2014.03.03 01:08:19.290,1.52282,1.52311,1.20,1.53
2014.03.03 01:08:20.155,1.52283,1.52311,1.20,1.45
2014.03.03 01:08:22.210,1.52283,1.52313,1.20,1.58
2014.03.03 01:08:22.513,1.52281,1.52313,1.53,1.20
2014.03.03 01:08:26.616,1.52281,1.52313,1.53,1.20
2014.03.03 01:08:26.717,1.52282,1.52314,1.20,2.03
2014.03.03 01:08:30.890,1.52282,1.52313,1.20,1.20
2014.03.03 01:08:31.414,1.52283,1.52314,1.20,1.95
2014.03.03 01:08:31.718,1.52282,1.52311,1.53,1.15
2014.03.03 01:08:34.942,1.52282,1.52311,1.53,1.58
2014.03.03 01:08:37.528,1.52282,1.52311,1.53,2.25
2014.03.03 01:08:42.868,1.52283,1.52311,1.58,2.25
2014.03.03 01:08:46.179,1.52283,1.52309,1.73,1.20
2014.03.03 01:08:51.709,1.52283,1.52307,1.80,1.15
2014.03.03 01:09:00.334,1.52283,1.52311,1.88,1.58
2014.03.03 01:09:00.639,1.52283,1.52311,1.88,1.15
2014.03.03 01:09:07.768,1.52282,1.52313,1.53,1.53
2014.03.03 01:09:08.485,1.52284,1.52313,1.20,1.53
2014.03.03 01:09:08.799,1.52286,1.52313,1.20,1.55
2014.03.03 01:09:10.352,1.52284,1.52315,1.53,2.03
2014.03.03 01:09:11.758,1.52286,1.52316,1.20,1.20
2014.03.03 01:09:12.341,1.52286,1.52317,1.20,1.95
2014.03.03 01:09:22.348,1.52287,1.52317,1.20,1.15
2014.03.03 01:09:22.651,1.52292,1.52322,1.53,1.95
2014.03.03 01:09:24.417,1.52291,1.52322,1.53,1.95
2014.03.03 01:09:24.920,1.52292,1.52319,1.65,1.20
2014.03.03 01:09:27.818,1.52291,1.5232,1.53,1.50
2014.03.03 01:09:30.133,1.52291,1.52319,1.15,1.58
2014.03.03 01:09:30.234,1.52292,1.52318,1.08,1.83
2014.03.03 01:09:30.285,1.52292,1.52315,1.00,1.15
2014.03.03 01:09:30.729,1.52291,1.52315,1.53,1.10
2014.03.03 01:09:31.639,1.52292,1.52318,1.20,1.15
2014.03.03 01:09:31.690,1.52292,1.52318,1.13,1.83
2014.03.03 01:09:36.200,1.52292,1.52315,1.38,1.15
2014.03.03 01:09:36.251,1.52291,1.52315,1.45,1.08
2014.03.03 01:09:36.352,1.52291,1.52321,1.53,1.28
2014.03.03 01:09:40.787,1.52292,1.52321,1.53,1.58
2014.03.03 01:09:40.938,1.52292,1.52321,1.95,1.15
2014.03.03 01:09:41.802,1.52292,1.52321,1.95,1.15
2014.03.03 01:09:47.008,1.52292,1.52321,1.53,1.58
2014.03.03 01:09:47.262,1.52288,1.52318,2.14,1.18
2014.03.03 01:09:47.767,1.52287,1.52318,1.95,1.15
2014.03.03 01:09:52.124,1.52289,1.52321,1.20,1.58
2014.03.03 01:09:52.225,1.5229,1.52321,1.50,1.15
2014.03.03 01:09:52.477,1.52289,1.52321,1.88,1.83
2014.03.03 01:09:52.979,1.5229,1.52321,1.15,1.50
2014.03.03 01:10:01.164,1.52291,1.5232,1.20,1.15
2014.03.03 01:10:01.519,1.52292,1.5232,1.20,1.10
2014.03.03 01:10:02.596,1.52292,1.52322,1.53,1.20
2014.03.03 01:10:05.157,1.52292,1.52322,1.53,1.20
2014.03.03 01:10:05.662,1.52292,1.52323,1.95,1.95
2014.03.03 01:10:09.138,1.52292,1.52322,1.53,1.20
2014.03.03 01:10:10.084,1.52292,1.52322,1.53,1.20
2014.03.03 01:10:10.135,1.52292,1.52323,1.53,1.53
2014.03.03 01:10:22.872,1.52292,1.52322,1.53,1.50
2014.03.03 01:10:25.408,1.52292,1.52322,1.53,1.50
2014.03.03 01:10:43.509,1.52292,1.52323,1.53,1.58
2014.03.03 01:10:45.204,1.52293,1.52323,1.20,1.15
2014.03.03 01:10:50.079,1.52292,1.52323,1.53,1.83
2014.03.03 01:10:54.267,1.52292,1.52321,1.53,1.20
2014.03.03 01:10:54.318,1.52289,1.5232,1.53,1.65
2014.03.03 01:10:54.369,1.52289,1.5232,1.53,2.33
2014.03.03 01:10:54.419,1.52289,1.52318,1.53,1.50
2014.03.03 01:10:55.661,1.52288,1.52317,1.28,1.15
2014.03.03 01:10:55.712,1.52288,1.52317,1.95,1.15
2014.03.03 01:10:55.813,1.52289,1.52317,1.20,1.18
2014.03.03 01:10:56.278,1.52288,1.52321,2.03,2.25
2014.03.03 01:10:57.137,1.5229,1.52321,1.20,1.58
2014.03.03 01:10:57.188,1.5229,1.52321,1.88,1.15
2014.03.03 01:11:12.833,1.52292,1.52323,1.95,1.20
2014.03.03 01:11:13.644,1.52292,1.52324,2.63,1.95
2014.03.03 01:11:21.238,1.52294,1.52327,1.95,1.95
2014.03.03 01:11:21.339,1.52297,1.52327,1.20,1.95
2014.03.03 01:11:23.826,1.52299,1.5233,1.28,2.33
2014.03.03 01:11:23.877,1.52299,1.52331,1.95,1.28
2014.03.03 01:11:23.928,1.52299,1.5233,1.95,1.58
2014.03.03 01:11:24.462,1.52299,1.5233,1.28,2.25
2014.03.03 01:11:36.523,1.52299,1.5233,1.95,2.33
2014.03.03 01:11:36.574,1.52299,1.52329,1.95,1.15
2014.03.03 01:11:37.185,1.52299,1.5233,1.28,1.58
2014.03.03 01:11:39.471,1.52299,1.52331,3.38,1.58
2014.03.03 01:11:44.164,1.52303,1.52331,1.20,1.50
2014.03.03 01:11:45.992,1.52303,1.52332,1.15,1.50
2014.03.03 01:11:47.329,1.52303,1.52333,1.95,1.95
2014.03.03 01:11:47.381,1.52307,1.52337,1.15,1.95
2014.03.03 01:11:47.914,1.52307,1.52337,1.58,1.53
2014.03.03 01:11:48.662,1.52307,1.52337,1.83,1.55
2014.03.03 01:11:48.814,1.52311,1.5234,2.25,1.15
2014.03.03 01:11:49.118,1.52314,1.52329,1.15,1.00
2014.03.03 01:11:49.370,1.52314,1.52342,1.15,1.20
2014.03.03 01:11:49.522,1.52315,1.52343,1.15,1.15
2014.03.03 01:11:49.572,1.52318,1.52343,1.18,1.08
2014.03.03 01:11:49.623,1.52318,1.52343,1.15,1.00
2014.03.03 01:11:50.128,1.52318,1.52344,1.15,1.13
2014.03.03 01:11:52.695,1.5232,1.52344,1.58,1.13
2014.03.03 01:11:58.368,1.5232,1.52345,1.58,1.00
2014.03.03 01:11:58.909,1.52323,1.52345,1.15,1.00
2014.03.03 01:11:59.445,1.52323,1.52345,1.18,1.00
2014.03.03 01:12:00.094,1.52323,1.52347,1.18,1.08
2014.03.03 01:12:00.599,1.52323,1.52347,1.15,1.00
2014.03.03 01:12:04.421,1.52323,1.52346,1.08,1.20
2014.03.03 01:12:04.758,1.52321,1.52346,1.15,1.15
2014.03.03 01:12:13.221,1.52321,1.52346,1.10,1.15
2014.03.03 01:12:14.657,1.52319,1.52348,1.15,1.28
2014.03.03 01:12:17.857,1.5232,1.52348,1.83,1.20
2014.03.03 01:12:17.908,1.52321,1.52348,1.88,1.13
2014.03.03 01:12:18.161,1.52324,1.52346,1.15,1.00
2014.03.03 01:12:21.793,1.52324,1.52347,1.15,1.13
2014.03.03 01:12:23.412,1.52325,1.52347,1.15,1.20
2014.03.03 01:12:23.975,1.52325,1.52347,1.15,1.13
2014.03.03 01:12:25.786,1.52325,1.52347,1.58,1.13
2014.03.03 01:12:26.443,1.52325,1.52346,1.58,1.00
2014.03.03 01:12:32.346,1.52325,1.52346,1.15,1.00
2014.03.03 01:12:36.320,1.52325,1.52348,1.15,1.38
2014.03.03 01:12:36.854,1.52325,1.52348,1.15,1.13
2014.03.03 01:12:50.107,1.52325,1.52348,1.15,1.38
2014.03.03 01:12:50.715,1.52325,1.52347,1.08,1.20
2014.03.03 01:12:52.605,1.52325,1.52341,1.08,1.00
2014.03.03 01:12:52.909,1.52323,1.52338,1.08,1.00
2014.03.03 01:12:52.960,1.52323,1.52338,1.00,1.10
2014.03.03 01:12:53.062,1.52318,1.52332,1.00,1.00
2014.03.03 01:12:53.113,1.52314,1.52332,1.08,1.00
2014.03.03 01:12:53.366,1.5231,1.52328,1.15,1.00
2014.03.03 01:12:56.446,1.5231,1.5233,1.15,1.00
2014.03.03 01:12:56.976,1.5231,1.52329,1.15,1.00
2014.03.03 01:12:57.684,1.5231,1.5233,1.15,1.00
2014.03.03 01:12:59.025,1.52313,1.5233,1.15,1.00
2014.03.03 01:12:59.554,1.52313,1.52329,1.15,1.00
2014.03.03 01:12:59.655,1.52313,1.52332,1.15,1.00
2014.03.03 01:13:00.341,1.52317,1.52332,1.15,1.00
2014.03.03 01:13:00.661,1.52318,1.52332,1.50,1.00
2014.03.03 01:13:00.863,1.52319,1.52336,1.83,1.00
2014.03.03 01:13:02.607,1.5232,1.52336,1.15,1.00
2014.03.03 01:13:03.181,1.5232,1.52338,1.15,1.00
2014.03.03 01:13:03.283,1.5232,1.52338,1.83,1.00
2014.03.03 01:13:03.644,1.52321,1.52346,1.20,1.00
2014.03.03 01:13:03.696,1.52325,1.52346,1.95,1.00
2014.03.03 01:13:03.848,1.52326,1.52353,1.50,1.13
2014.03.03 01:13:03.949,1.5233,1.52353,1.58,1.13
2014.03.03 01:13:04.252,1.52336,1.5235,1.15,1.00
2014.03.03 01:13:04.770,1.52336,1.5235,1.15,1.00
2014.03.03 01:13:05.674,1.52336,1.5235,1.15,1.00
2014.03.03 01:13:06.119,1.52336,1.5235,1.10,1.00
2014.03.03 01:13:06.681,1.52332,1.5235,1.15,1.00
2014.03.03 01:13:13.214,1.52329,1.5235,1.15,1.00
2014.03.03 01:13:13.956,1.52329,1.52353,1.15,1.13
2014.03.03 01:13:15.392,1.5233,1.52353,1.20,1.13
2014.03.03 01:13:16.267,1.52329,1.52353,1.53,1.13
2014.03.03 01:13:22.075,1.52329,1.52355,1.53,1.10
2014.03.03 01:13:22.126,1.5233,1.52355,1.20,1.00
2014.03.03 01:13:23.292,1.52329,1.52352,2.70,1.00
2014.03.03 01:13:23.494,1.52329,1.52352,1.15,1.00
2014.03.03 01:13:23.833,1.52329,1.52356,1.15,1.15
2014.03.03 01:13:27.904,1.52329,1.52352,1.15,1.00
2014.03.03 01:13:28.563,1.52329,1.52355,1.15,1.15
2014.03.03 01:13:32.156,1.52329,1.52354,1.15,1.10
2014.03.03 01:13:34.187,1.52329,1.52354,2.03,1.18
2014.03.03 01:13:35.816,1.52329,1.52354,1.28,1.08
2014.03.03 01:13:36.607,1.52329,1.52354,1.95,1.10
2014.03.03 01:13:37.184,1.52329,1.5235,1.58,1.00
2014.03.03 01:13:37.234,1.52329,1.5235,1.08,1.00
2014.03.03 01:13:37.386,1.52327,1.5235,1.10,1.10
2014.03.03 01:13:37.736,1.52323,1.5235,1.83,1.00
2014.03.03 01:13:37.887,1.52323,1.5235,1.58,1.18
2014.03.03 01:13:58.113,1.52323,1.52351,1.15,1.15
2014.03.03 01:13:58.215,1.52323,1.52351,2.33,1.08
2014.03.03 01:13:58.518,1.52328,1.52354,2.25,1.00
2014.03.03 01:13:58.619,1.52329,1.52356,1.15,1.20
2014.03.03 01:13:59.158,1.52332,1.52356,1.15,1.10
2014.03.03 01:13:59.311,1.52334,1.52362,1.18,1.15
2014.03.03 01:13:59.362,1.52334,1.52362,1.83,1.08
2014.03.03 01:13:59.413,1.52336,1.52365,1.50,1.15
2014.03.03 01:13:59.464,1.52336,1.52365,4.50,1.08
2014.03.03 01:13:59.515,1.52339,1.52367,1.88,1.20
2014.03.03 01:13:59.566,1.52346,1.52367,1.08,1.10
2014.03.03 01:13:59.869,1.52349,1.52374,1.65,1.15
2014.03.03 01:13:59.920,1.52349,1.52375,1.65,1.08
2014.03.03 01:13:59.971,1.52349,1.52375,2.33,1.10
2014.03.03 01:14:00.227,1.52351,1.52378,1.08,1.95
2014.03.03 01:14:00.278,1.52348,1.52378,1.65,2.63
2014.03.03 01:14:00.380,1.52348,1.52378,1.65,1.28
2014.03.03 01:14:00.784,1.52348,1.52378,1.65,1.28
2014.03.03 01:14:00.835,1.52348,1.52378,1.65,1.95
2014.03.03 01:14:01.597,1.52348,1.52375,1.18,1.15
2014.03.03 01:14:02.050,1.52345,1.52375,1.15,2.25
2014.03.03 01:14:02.774,1.52342,1.52371,1.20,1.15
2014.03.03 01:14:02.825,1.5234,1.5237,1.28,1.15
2014.03.03 01:14:02.927,1.5234,1.5237,1.18,1.83
2014.03.03 01:14:02.977,1.5234,1.52368,1.20,1.15
2014.03.03 01:14:04.266,1.52337,1.52367,2.70,1.15
2014.03.03 01:14:04.817,1.52339,1.52367,1.15,1.15
2014.03.03 01:14:04.974,1.52339,1.52367,1.10,1.15
2014.03.03 01:14:08.064,1.52337,1.52366,1.65,1.15
2014.03.03 01:14:08.578,1.52337,1.52365,1.15,1.15
2014.03.03 01:14:13.493,1.52337,1.52364,1.00,1.15
2014.03.03 01:14:13.594,1.52333,1.52361,1.65,1.15
2014.03.03 01:14:13.904,1.52328,1.52353,1.00,1.58
2014.03.03 01:14:14.006,1.52321,1.52349,1.53,1.18
2014.03.03 01:14:14.159,1.52325,1.52346,1.10,1.00
2014.03.03 01:14:14.672,1.52319,1.52346,1.58,1.08
2014.03.03 01:14:16.123,1.52319,1.52346,1.15,1.20
2014.03.03 01:14:18.134,1.52319,1.52347,1.18,1.15
2014.03.03 01:14:18.185,1.52319,1.52347,1.20,1.15
2014.03.03 01:14:20.286,1.52316,1.52347,1.15,1.15
2014.03.03 01:14:20.845,1.52316,1.52347,1.58,1.15
2014.03.03 01:14:30.777,1.5232,1.52349,1.50,1.15
2014.03.03 01:14:31.504,1.52321,1.52349,2.63,1.08
2014.03.03 01:14:31.807,1.52326,1.52349,1.50,1.00
2014.03.03 01:14:32.316,1.52326,1.5235,1.50,1.00
2014.03.03 01:14:32.569,1.52329,1.52356,1.15,1.18
2014.03.03 01:14:32.620,1.52329,1.52356,1.20,1.15
2014.03.03 01:14:32.721,1.52332,1.52356,1.58,1.00
2014.03.03 01:14:33.186,1.52332,1.52356,1.15,1.00
2014.03.03 01:14:34.314,1.52332,1.52355,1.15,1.00
2014.03.03 01:14:35.234,1.52332,1.52355,1.15,1.00
2014.03.03 01:14:37.081,1.52332,1.52353,1.15,1.00
2014.03.03 01:14:37.384,1.52329,1.52351,2.25,1.00
2014.03.03 01:14:37.637,1.52329,1.52351,1.15,1.00
2014.03.03 01:14:42.793,1.52327,1.52353,2.25,1.00
2014.03.03 01:14:42.844,1.52327,1.52353,2.25,1.00
2014.03.03 01:14:43.462,1.52327,1.52353,1.83,1.00
2014.03.03 01:14:44.017,1.52327,1.52352,1.83,1.00
2014.03.03 01:14:44.748,1.52329,1.52353,1.58,1.00
2014.03.03 01:14:45.277,1.5233,1.52353,1.83,1.00
2014.03.03 01:14:46.648,1.5233,1.52353,1.15,1.00
2014.03.03 01:14:47.258,1.5233,1.52353,1.15,1.00
2014.03.03 01:14:52.165,1.5233,1.52353,1.83,1.00
2014.03.03 01:14:54.451,1.52329,1.52353,1.53,1.00
2014.03.03 01:14:55.231,1.52329,1.52357,1.15,1.18
2014.03.03 01:15:03.153,1.52331,1.52357,2.25,1.00
2014.03.03 01:15:04.029,1.52332,1.5236,1.15,1.15
2014.03.03 01:15:05.974,1.52332,1.52354,1.15,1.00
2014.03.03 01:15:06.024,1.52332,1.52354,1.15,1.00
2014.03.03 01:15:06.126,1.52332,1.52354,1.18,1.08
2014.03.03 01:15:06.530,1.52331,1.52353,1.50,1.00
2014.03.03 01:15:06.631,1.52331,1.52358,1.50,1.00
2014.03.03 01:15:07.156,1.52331,1.52359,1.50,1.20
2014.03.03 01:15:07.506,1.52331,1.52357,1.50,1.00
2014.03.03 01:15:07.969,1.52332,1.52357,1.50,1.00
2014.03.03 01:15:08.070,1.52332,1.52359,1.50,1.10
2014.03.03 01:15:08.622,1.52334,1.52359,1.50,1.00
2014.03.03 01:15:11.906,1.52334,1.52363,1.50,1.15
2014.03.03 01:15:11.957,1.52342,1.52363,1.00,1.15
2014.03.03 01:15:12.278,1.52344,1.52366,1.58,1.00
2014.03.03 01:15:12.532,1.52344,1.52368,2.33,1.00
2014.03.03 01:15:12.583,1.52345,1.52368,1.50,1.00
2014.03.03 01:15:17.384,1.52346,1.52367,1.58,1.00
2014.03.03 01:15:17.929,1.52346,1.52365,1.15,1.00
2014.03.03 01:15:18.132,1.52343,1.52362,1.10,1.00
2014.03.03 01:15:18.485,1.5234,1.52358,1.15,1.00
2014.03.03 01:15:22.333,1.5234,1.52361,1.15,1.00
2014.03.03 01:15:22.434,1.5234,1.52358,1.15,1.00
2014.03.03 01:15:24.294,1.5234,1.52361,1.15,1.00
2014.03.03 01:15:24.546,1.5234,1.52358,1.15,1.00
2014.03.03 01:15:24.849,1.5234,1.5236,1.15,1.00
2014.03.03 01:15:26.467,1.5234,1.5236,1.50,1.00
2014.03.03 01:15:28.173,1.5234,1.52358,1.50,1.00
2014.03.03 01:15:28.692,1.5234,1.52359,1.50,1.00
2014.03.03 01:15:29.947,1.52341,1.52359,2.25,1.00
2014.03.03 01:15:30.609,1.52339,1.52359,1.83,1.00
2014.03.03 01:15:30.811,1.52338,1.52361,1.50,1.00
2014.03.03 01:15:30.914,1.52341,1.52361,1.50,1.00
2014.03.03 01:15:31.116,1.52343,1.52364,1.50,1.00
2014.03.03 01:15:32.869,1.52343,1.52365,1.50,1.00
2014.03.03 01:15:32.970,1.52346,1.52365,1.50,1.00
2014.03.03 01:15:33.943,1.52343,1.52365,2.25,1.00
2014.03.03 01:15:34.045,1.52343,1.52364,1.15,1.00
2014.03.03 01:15:34.196,1.52339,1.5236,1.50,1.00
2014.03.03 01:15:34.499,1.52341,1.5236,1.50,1.00
2014.03.03 01:15:34.651,1.52341,1.52363,1.50,1.00
2014.03.03 01:15:34.853,1.52344,1.52363,1.50,1.00
2014.03.03 01:15:36.822,1.52344,1.52364,1.50,1.00
2014.03.03 01:15:37.146,1.52347,1.52364,1.50,1.00
2014.03.03 01:15:37.373,1.52347,1.52368,1.50,1.00
2014.03.03 01:15:37.970,1.52345,1.52368,1.83,1.00
2014.03.03 01:15:38.727,1.52347,1.52368,1.50,1.00
2014.03.03 01:15:38.979,1.52345,1.52368,1.50,1.00
2014.03.03 01:15:39.486,1.52346,1.52368,1.50,1.00
2014.03.03 01:15:40.080,1.52347,1.52368,1.50,1.00
2014.03.03 01:15:40.782,1.52347,1.52367,1.50,1.00
2014.03.03 01:15:42.110,1.52347,1.52368,1.50,1.00
2014.03.03 01:15:43.193,1.52349,1.52368,1.50,1.00
2014.03.03 01:15:45.184,1.52344,1.52368,1.50,1.00
2014.03.03 01:15:50.606,1.52344,1.52369,1.50,1.00
2014.03.03 01:15:52.799,1.52344,1.52371,1.50,1.00
2014.03.03 01:15:52.900,1.52347,1.52371,1.50,1.00
2014.03.03 01:15:55.504,1.52346,1.52371,1.50,1.00
2014.03.03 01:15:56.209,1.5235,1.52373,1.83,1.00
2014.03.03 01:15:56.311,1.52353,1.52378,1.58,1.00
2014.03.03 01:15:56.463,1.52353,1.52378,2.25,1.00
2014.03.03 01:15:56.867,1.52351,1.52374,1.50,1.00
2014.03.03 01:15:57.170,1.52348,1.52371,2.63,1.00
2014.03.03 01:16:01.154,1.52348,1.52369,1.88,1.00
2014.03.03 01:16:02.568,1.52348,1.52367,1.88,1.00
2014.03.03 01:16:02.720,1.52345,1.52367,1.50,1.00
2014.03.03 01:16:03.152,1.52345,1.52369,1.50,1.00
2014.03.03 01:16:03.984,1.52344,1.5237,3.00,1.00
2014.03.03 01:16:04.533,1.52346,1.5237,2.25,1.00
2014.03.03 01:16:06.109,1.52346,1.52368,2.25,1.00
2014.03.03 01:16:06.613,1.52345,1.52368,1.50,1.00
2014.03.03 01:16:07.112,1.52343,1.52368,2.25,1.38
2014.03.03 01:16:07.213,1.52343,1.52364,1.50,1.00
2014.03.03 01:16:07.315,1.52341,1.52364,1.15,1.00
2014.03.03 01:16:07.668,1.52338,1.52362,2.25,1.00
2014.03.03 01:16:13.161,1.52338,1.52363,3.00,1.00
2014.03.03 01:16:13.342,1.52338,1.52366,3.00,1.00
2014.03.03 01:16:15.871,1.52338,1.52367,3.00,1.20
2014.03.03 01:16:17.671,1.52338,1.52365,3.00,1.00
2014.03.03 01:16:19.432,1.52338,1.52366,3.00,1.00
2014.03.03 01:16:21.071,1.52341,1.52366,1.58,1.00
2014.03.03 01:16:21.374,1.5234,1.52363,2.25,1.00
2014.03.03 01:16:21.931,1.5234,1.52365,2.25,1.00
2014.03.03 01:16:22.184,1.52344,1.52365,1.50,1.00
2014.03.03 01:16:22.286,1.52342,1.52365,2.33,1.00
2014.03.03 01:16:22.392,1.52342,1.52367,2.33,1.00
2014.03.03 01:16:22.809,1.52343,1.52367,1.83,1.00
2014.03.03 01:16:23.330,1.52344,1.52367,1.15,1.00
2014.03.03 01:16:24.473,1.52343,1.52364,1.50,1.00
2014.03.03 01:16:26.784,1.52339,1.52364,2.25,1.00
2014.03.03 01:16:27.307,1.5234,1.52364,1.50,1.00
2014.03.03 01:16:32.837,1.52339,1.52354,1.15,1.00
2014.03.03 01:16:33.141,1.52342,1.52354,1.50,1.00
2014.03.03 01:16:33.247,1.52339,1.52364,1.50,1.00
2014.03.03 01:16:36.307,1.52338,1.52364,1.50,1.00
2014.03.03 01:16:36.358,1.52338,1.52362,1.50,1.00
2014.03.03 01:16:36.762,1.52337,1.52362,1.50,1.00
2014.03.03 01:16:39.371,1.52335,1.52362,1.50,1.18
2014.03.03 01:16:40.083,1.52335,1.52358,1.50,1.00
2014.03.03 01:16:40.266,1.52333,1.52358,2.25,1.00
2014.03.03 01:16:40.805,1.52333,1.52357,2.25,1.00
2014.03.03 01:16:41.307,1.52331,1.52356,1.20,1.00
2014.03.03 01:16:41.358,1.52331,1.52356,1.20,1.00
2014.03.03 01:16:47.712,1.5233,1.52353,1.83,1.00
2014.03.03 01:16:47.915,1.52328,1.52353,1.50,1.00
2014.03.03 01:16:48.068,1.52327,1.52353,1.58,1.20
2014.03.03 01:16:48.118,1.52327,1.52349,1.58,1.00
2014.03.03 01:16:48.170,1.52327,1.52349,1.15,1.00
2014.03.03 01:16:49.477,1.52323,1.52353,1.50,1.65
2014.03.03 01:16:50.039,1.52325,1.52353,3.00,1.08
2014.03.03 01:16:50.140,1.52326,1.52353,1.50,1.10
2014.03.03 01:17:00.596,1.52329,1.52356,1.50,1.20
2014.03.03 01:17:01.254,1.52328,1.52359,1.15,1.53
2014.03.03 01:17:02.413,1.52328,1.52359,1.83,1.15
2014.03.03 01:17:02.464,1.52329,1.52359,1.50,1.15
2014.03.03 01:17:02.666,1.52331,1.52359,1.50,1.15
2014.03.03 01:17:06.152,1.52329,1.52359,1.50,1.15
2014.03.03 01:17:06.355,1.52328,1.52359,1.50,1.15
2014.03.03 01:17:06.456,1.52328,1.52359,3.75,1.15
2014.03.03 01:17:06.558,1.52329,1.52359,1.50,1.18
2014.03.03 01:17:07.690,1.52329,1.52355,1.50,1.00
2014.03.03 01:17:07.741,1.52326,1.52355,1.50,1.10
2014.03.03 01:17:10.226,1.52325,1.52355,3.00,1.15
2014.03.03 01:17:12.183,1.52324,1.52354,1.65,1.58
2014.03.03 01:17:12.486,1.52321,1.52351,1.50,1.15
2014.03.03 01:17:12.537,1.52322,1.52351,1.50,1.15
2014.03.03 01:17:13.085,1.52323,1.52351,2.25,1.00
2014.03.03 01:17:14.435,1.52321,1.52351,2.33,1.08
2014.03.03 01:17:14.486,1.5232,1.52351,2.25,1.15
2014.03.03 01:17:25.668,1.52322,1.52351,1.83,1.15
2014.03.03 01:17:26.200,1.52323,1.52351,1.50,1.15
2014.03.03 01:17:32.091,1.52321,1.52351,1.50,1.15
2014.03.03 01:17:32.142,1.52321,1.52351,1.50,1.15
2014.03.03 01:17:32.648,1.52322,1.52351,1.58,1.18
2014.03.03 01:17:33.164,1.52322,1.52351,2.25,1.18
2014.03.03 01:17:34.069,1.52322,1.52351,1.83,1.15
2014.03.03 01:17:34.120,1.5232,1.52351,2.25,1.15
2014.03.03 01:17:34.729,1.5232,1.52351,3.00,1.18
2014.03.03 01:17:34.780,1.52321,1.52351,1.50,1.18
2014.03.03 01:17:35.609,1.5232,1.52351,4.50,1.15
2014.03.03 01:17:35.660,1.5232,1.52351,2.25,1.15
2014.03.03 01:17:36.275,1.52319,1.52349,2.33,1.15
2014.03.03 01:17:36.528,1.52319,1.52349,3.00,1.18
2014.03.03 01:17:40.603,1.52322,1.52349,2.33,1.08
2014.03.03 01:17:40.950,1.52322,1.52353,3.00,1.15
2014.03.03 01:17:43.464,1.52321,1.52353,2.33,1.58
2014.03.03 01:17:43.565,1.5232,1.52352,2.33,1.88
2014.03.03 01:17:43.616,1.5232,1.52351,1.15,1.50
2014.03.03 01:17:44.342,1.52321,1.5235,1.18,3.38
2014.03.03 01:17:44.393,1.52318,1.52348,1.15,1.50
2014.03.03 01:17:52.412,1.52317,1.52346,1.50,1.08
2014.03.03 01:17:52.818,1.5232,1.52349,1.83,1.28
2014.03.03 01:17:52.870,1.52321,1.52349,1.50,1.28
2014.03.03 01:17:53.396,1.52322,1.52353,1.15,1.53
2014.03.03 01:18:00.191,1.52322,1.52353,1.83,1.53
2014.03.03 01:18:02.782,1.52322,1.52353,2.25,1.15
2014.03.03 01:18:02.883,1.52323,1.52353,1.50,1.18
2014.03.03 01:18:08.710,1.52322,1.52353,2.33,1.15
2014.03.03 01:18:08.811,1.52322,1.52353,2.33,1.15
2014.03.03 01:18:11.790,1.52322,1.52351,1.15,1.08
2014.03.03 01:18:12.049,1.52321,1.52351,1.50,1.15
2014.03.03 01:18:12.150,1.52319,1.52351,1.50,1.15
2014.03.03 01:18:12.352,1.5232,1.52351,1.83,1.15
2014.03.03 01:18:12.504,1.52318,1.52351,2.25,1.58
2014.03.03 01:18:13.972,1.52318,1.52351,3.38,1.15
2014.03.03 01:18:34.722,1.52319,1.52347,1.50,1.18
2014.03.03 01:18:35.270,1.52319,1.52347,1.50,1.15
2014.03.03 01:18:35.321,1.52317,1.52347,2.63,1.15
2014.03.03 01:18:38.352,1.52316,1.52347,1.95,1.15
2014.03.03 01:18:38.907,1.52317,1.52347,1.95,1.15
2014.03.03 01:18:39.009,1.5232,1.52347,1.15,1.20
2014.03.03 01:18:39.261,1.52322,1.52351,1.20,1.15
2014.03.03 01:18:39.766,1.52321,1.52352,1.58,1.58
2014.03.03 01:18:41.534,1.52321,1.5235,1.18,1.20
2014.03.03 01:18:54.058,1.52319,1.52348,2.25,1.15
2014.03.03 01:18:54.362,1.52321,1.52348,1.50,1.00
2014.03.03 01:18:54.515,1.52323,1.52352,1.20,1.15
2014.03.03 01:18:54.616,1.52324,1.52352,1.20,1.08
2014.03.03 01:18:54.920,1.52325,1.52352,3.00,1.08
2014.03.03 01:18:55.177,1.52328,1.52357,3.75,1.18
2014.03.03 01:18:55.230,1.52329,1.52358,1.20,1.65
2014.03.03 01:18:55.331,1.52329,1.52358,1.50,1.58
2014.03.03 01:18:55.382,1.52328,1.52358,1.50,1.65
2014.03.03 01:18:55.433,1.52328,1.52358,1.50,1.65
2014.03.03 01:18:55.585,1.52328,1.52354,1.50,1.00
2014.03.03 01:18:55.791,1.52328,1.52356,1.50,1.20
2014.03.03 01:18:56.717,1.52329,1.52356,1.83,1.10
2014.03.03 01:18:57.231,1.5233,1.52355,1.50,1.00
2014.03.03 01:18:57.880,1.5233,1.52358,1.88,1.18
2014.03.03 01:18:58.284,1.52332,1.52358,1.50,1.10
2014.03.03 01:18:58.587,1.52333,1.52362,1.50,1.15
2014.03.03 01:19:09.775,1.52331,1.52362,2.63,1.15
2014.03.03 01:19:09.826,1.52331,1.52362,1.95,1.15
2014.03.03 01:19:19.601,1.52331,1.52362,1.20,1.58
2014.03.03 01:19:20.320,1.5233,1.52362,1.88,2.25
2014.03.03 01:19:22.717,1.52331,1.52362,1.28,3.00
2014.03.03 01:19:22.767,1.52331,1.5236,1.28,1.50
2014.03.03 01:19:27.877,1.52328,1.52358,2.70,1.83
2014.03.03 01:19:28.389,1.52328,1.52355,2.03,1.15
2014.03.03 01:19:31.089,1.52329,1.52355,1.20,1.10
2014.03.03 01:19:33.131,1.5233,1.52359,1.45,2.33
2014.03.03 01:19:33.182,1.5233,1.52359,1.45,3.00
2014.03.03 01:19:49.036,1.52334,1.52356,1.00,1.15
2014.03.03 01:19:51.347,1.52331,1.52355,1.00,1.58
2014.03.03 01:19:51.448,1.52331,1.52355,1.00,1.95
2014.03.03 01:19:51.550,1.52329,1.52355,1.00,2.63
2014.03.03 01:19:51.804,1.52329,1.52352,1.00,2.25
2014.03.03 01:19:51.906,1.52326,1.52352,1.00,2.25
2014.03.03 01:19:53.357,1.52324,1.52352,1.10,2.25
2014.03.03 01:19:56.713,1.52322,1.52348,1.48,2.25
2014.03.03 01:19:59.091,1.52322,1.52347,1.10,1.58
2014.03.03 01:20:18.562,1.52322,1.52347,1.38,1.58
2014.03.03 01:20:20.608,1.52322,1.52347,1.55,1.15
2014.03.03 01:20:22.030,1.52322,1.52347,1.38,1.58
2014.03.03 01:20:22.551,1.52318,1.52345,1.48,1.95
2014.03.03 01:20:22.904,1.52314,1.52344,2.03,1.95
2014.03.03 01:20:27.871,1.52316,1.52344,1.53,1.65
2014.03.03 01:20:28.124,1.52314,1.52344,1.28,2.63
2014.03.03 01:20:28.437,1.5231,1.52338,1.18,1.50
2014.03.03 01:20:32.352,1.5231,1.52336,1.20,1.18
2014.03.03 01:20:32.453,1.52311,1.52339,1.15,1.15
2014.03.03 01:20:54.403,1.52315,1.52339,1.18,1.45
2014.03.03 01:20:55.063,1.52315,1.52343,1.15,1.53
2014.03.03 01:20:55.576,1.52315,1.52343,1.15,1.15
2014.03.03 01:21:14.461,1.52315,1.52342,1.18,1.15
2014.03.03 01:21:14.766,1.52303,1.52329,1.48,1.50
2014.03.03 01:21:14.868,1.52301,1.52328,1.18,1.50
2014.03.03 01:21:15.021,1.52299,1.52326,1.08,1.58
2014.03.03 01:21:15.526,1.523,1.52326,1.10,1.83
2014.03.03 01:21:16.997,1.52301,1.52326,1.00,1.83
2014.03.03 01:21:17.048,1.52301,1.52326,1.00,1.15
2014.03.03 01:21:17.446,1.52304,1.52326,1.00,1.15
2014.03.03 01:21:23.157,1.52305,1.52326,1.00,1.18
2014.03.03 01:21:23.207,1.52305,1.52326,1.00,1.10
2014.03.03 01:21:23.713,1.52306,1.52329,1.00,1.15
2014.03.03 01:21:24.016,1.52306,1.52329,1.00,1.15
2014.03.03 01:21:26.019,1.52307,1.52329,1.00,1.15
2014.03.03 01:21:26.120,1.52312,1.52329,1.00,1.15
2014.03.03 01:21:26.222,1.52312,1.52336,1.00,1.53
2014.03.03 01:21:26.747,1.52313,1.52336,1.00,1.53
2014.03.03 01:21:27.268,1.52313,1.52336,1.08,1.45
2014.03.03 01:21:28.775,1.52313,1.52336,1.00,1.53
2014.03.03 01:21:29.127,1.52311,1.52336,1.20,1.53
2014.03.03 01:21:29.329,1.52311,1.52336,1.10,1.95
2014.03.03 01:21:32.047,1.52311,1.52336,1.00,2.25
2014.03.03 01:21:33.763,1.52311,1.52336,1.00,1.15
2014.03.03 01:21:34.275,1.52309,1.52336,1.18,1.15
2014.03.03 01:21:36.456,1.52311,1.52336,1.00,1.15
2014.03.03 01:21:36.608,1.52311,1.52336,1.20,1.15
2014.03.03 01:21:56.733,1.52311,1.52336,1.20,1.15
2014.03.03 01:21:57.448,1.52311,1.52336,1.18,1.15
2014.03.03 01:22:10.430,1.52309,1.52336,1.08,1.83
2014.03.03 01:22:10.481,1.52309,1.52336,1.00,2.25
2014.03.03 01:22:10.789,1.52309,1.52336,1.10,1.15
2014.03.03 01:22:14.866,1.52309,1.52335,1.10,1.20
2014.03.03 01:22:15.169,1.52305,1.52329,1.18,1.18
2014.03.03 01:22:15.220,1.52305,1.52329,1.10,1.15
2014.03.03 01:22:15.422,1.52303,1.52329,1.00,1.15
2014.03.03 01:22:23.895,1.52305,1.52329,1.00,1.15
2014.03.03 01:22:26.284,1.52304,1.52329,1.00,1.15
2014.03.03 01:22:26.974,1.52309,1.52329,1.00,1.15
2014.03.03 01:22:31.587,1.5231,1.52329,1.00,1.15
2014.03.03 01:22:32.157,1.52308,1.52329,1.00,1.15
2014.03.03 01:22:38.101,1.52305,1.52329,1.00,1.15
2014.03.03 01:22:50.741,1.52303,1.52329,1.00,1.15
2014.03.03 01:22:51.375,1.52309,1.52329,1.00,1.15
2014.03.03 01:22:51.912,1.5231,1.52329,1.00,1.15
2014.03.03 01:22:55.819,1.5231,1.52329,1.00,1.15
2014.03.03 01:23:04.073,1.52311,1.52329,1.00,1.18
2014.03.03 01:23:08.440,1.52314,1.52329,1.00,1.18
2014.03.03 01:23:08.544,1.52314,1.52329,1.00,1.10
2014.03.03 01:23:08.696,1.52317,1.52332,1.00,1.15
2014.03.03 01:23:08.797,1.52317,1.52337,1.00,1.28
2014.03.03 01:23:13.415,1.52314,1.52337,1.00,1.28
2014.03.03 01:23:13.516,1.52316,1.52337,1.00,1.28
2014.03.03 01:23:13.567,1.52316,1.52337,1.00,1.28
2014.03.03 01:23:13.718,1.52313,1.52337,1.18,1.28
2014.03.03 01:23:14.382,1.52313,1.52339,1.00,1.95
2014.03.03 01:23:16.059,1.52314,1.52339,1.00,1.95
2014.03.03 01:23:19.643,1.52315,1.52339,1.00,1.95
2014.03.03 01:23:19.745,1.52315,1.52336,1.00,1.15
2014.03.03 01:23:20.250,1.52314,1.52333,1.00,1.10
2014.03.03 01:23:20.771,1.52315,1.52335,1.00,1.15
2014.03.03 01:23:21.667,1.52316,1.52335,1.00,1.18
2014.03.03 01:23:21.971,1.52316,1.52339,1.00,1.15
2014.03.03 01:23:22.072,1.52313,1.52339,1.18,1.15
2014.03.03 01:23:22.224,1.52313,1.52339,1.00,1.58
2014.03.03 01:23:22.759,1.52312,1.52339,1.00,1.58
2014.03.03 01:23:23.314,1.52312,1.52335,1.00,1.08
2014.03.03 01:23:26.405,1.52311,1.52333,1.00,1.15
2014.03.03 01:23:31.316,1.52309,1.52332,1.00,1.53
2014.03.03 01:23:31.367,1.52309,1.5233,1.00,1.75
2014.03.03 01:23:38.826,1.52312,1.52328,1.00,1.18
2014.03.03 01:23:39.067,1.52312,1.52328,1.00,1.00
2014.03.03 01:23:39.168,1.52314,1.52328,1.00,1.00
2014.03.03 01:23:39.702,1.52314,1.52331,1.00,1.15
2014.03.03 01:23:43.845,1.52314,1.52331,1.00,1.58
2014.03.03 01:23:43.896,1.52311,1.52331,1.00,1.58
2014.03.03 01:23:44.098,1.52308,1.52331,1.00,1.58
2014.03.03 01:23:44.603,1.52308,1.52327,1.00,1.15
2014.03.03 01:23:45.105,1.52307,1.52327,1.00,1.15
2014.03.03 01:23:47.279,1.52309,1.52327,1.00,1.15
2014.03.03 01:23:50.048,1.5231,1.52327,1.00,1.15
2014.03.03 01:23:52.214,1.52308,1.52327,1.00,1.15
2014.03.03 01:24:02.382,1.52305,1.52327,1.00,1.15
2014.03.03 01:24:02.483,1.52304,1.52327,1.00,2.33
2014.03.03 01:24:02.686,1.52302,1.52325,1.00,1.58
2014.03.03 01:24:07.504,1.52303,1.52325,1.00,1.58
2014.03.03 01:24:10.326,1.52303,1.52321,1.00,1.15
2014.03.03 01:24:10.716,1.52306,1.52321,1.00,1.18
2014.03.03 01:24:10.767,1.52306,1.52321,1.00,1.20
2014.03.03 01:24:16.742,1.52305,1.52321,1.00,1.20
2014.03.03 01:24:16.854,1.52302,1.52321,1.00,1.20
2014.03.03 01:24:17.654,1.52304,1.52321,1.00,1.18
2014.03.03 01:24:17.957,1.52304,1.52321,1.00,1.58
2014.03.03 01:24:23.027,1.52302,1.52321,1.00,2.33
2014.03.03 01:24:34.012,1.52299,1.52319,1.00,2.25
2014.03.03 01:24:36.922,1.52297,1.52319,1.00,1.58
2014.03.03 01:24:36.973,1.52297,1.52319,1.00,1.15
2014.03.03 01:24:38.091,1.52296,1.52319,1.00,1.15
2014.03.03 01:24:39.103,1.52296,1.52319,1.00,1.58
2014.03.03 01:24:40.401,1.52295,1.52319,1.00,2.25
2014.03.03 01:24:41.092,1.52295,1.52319,1.00,1.15
2014.03.03 01:24:41.722,1.523,1.52319,1.00,1.15
2014.03.03 01:24:42.932,1.52299,1.52319,1.00,1.15
2014.03.03 01:24:43.525,1.52298,1.52319,1.00,1.15
2014.03.03 01:24:48.551,1.52298,1.52316,1.00,2.25
2014.03.03 01:24:48.950,1.52293,1.52314,1.00,1.58
2014.03.03 01:24:49.001,1.52293,1.52313,1.00,1.50
2014.03.03 01:24:49.464,1.52286,1.5231,1.00,1.15
2014.03.03 01:24:49.515,1.52286,1.5231,1.00,1.83
2014.03.03 01:24:49.566,1.52284,1.52308,1.00,1.58
2014.03.03 01:24:49.668,1.52279,1.52308,2.03,1.58
2014.03.03 01:24:49.769,1.52278,1.52303,1.00,1.50
2014.03.03 01:24:50.281,1.52278,1.52304,1.00,1.83
2014.03.03 01:24:50.332,1.52278,1.52304,1.00,1.58
2014.03.03 01:24:50.622,1.52278,1.52301,1.00,2.25
2014.03.03 01:24:50.673,1.52275,1.52301,1.13,2.25
2014.03.03 01:24:52.972,1.52274,1.523,1.00,1.83
2014.03.03 01:24:53.514,1.52272,1.52299,1.08,1.58
2014.03.03 01:24:55.495,1.52272,1.52296,1.00,1.08
2014.03.03 01:24:56.002,1.52272,1.52296,1.00,1.15
2014.03.03 01:24:58.752,1.52272,1.52296,1.00,1.83
2014.03.03 01:24:59.086,1.52272,1.52293,1.00,1.83
2014.03.03 01:24:59.697,1.52271,1.52293,1.00,1.83
2014.03.03 01:25:00.232,1.52269,1.52293,1.00,1.83
2014.03.03 01:25:02.992,1.52269,1.52293,1.08,1.18
2014.03.03 01:25:03.295,1.52272,1.52295,1.00,1.15
2014.03.03 01:25:07.573,1.52274,1.52295,1.00,1.15
2014.03.03 01:25:09.661,1.52275,1.52295,1.00,1.15
2014.03.03 01:25:10.265,1.52275,1.52295,1.00,1.15
2014.03.03 01:25:10.844,1.52275,1.52295,1.00,1.15
2014.03.03 01:25:11.649,1.52272,1.52295,1.00,1.15
2014.03.03 01:25:13.996,1.52271,1.52291,1.00,1.08
2014.03.03 01:25:14.299,1.52271,1.52291,1.00,1.50
2014.03.03 01:25:14.826,1.5227,1.52292,1.50,1.50
2014.03.03 01:25:15.079,1.5227,1.52285,1.00,1.00
2014.03.03 01:25:15.180,1.52262,1.52285,1.95,1.08
2014.03.03 01:25:15.281,1.52261,1.52285,1.00,3.08
2014.03.03 01:25:15.483,1.52254,1.52281,1.65,1.15
2014.03.03 01:25:15.534,1.52254,1.5228,1.38,1.50
2014.03.03 01:25:15.685,1.52249,1.52275,1.88,1.15
2014.03.03 01:25:15.736,1.52249,1.52271,1.00,1.85
2014.03.03 01:25:15.787,1.52245,1.52271,1.50,2.25
2014.03.03 01:25:15.938,1.52241,1.52264,1.10,2.25
2014.03.03 01:25:16.039,1.52237,1.52262,1.00,1.50
2014.03.03 01:25:16.594,1.52237,1.52261,1.00,2.70
2014.03.03 01:25:16.811,1.52234,1.52259,1.38,2.25
2014.03.03 01:25:17.351,1.52233,1.52253,1.88,1.18
2014.03.03 01:25:18.730,1.52233,1.52257,1.38,1.15
2014.03.03 01:25:19.059,1.52233,1.52257,1.38,2.25
2014.03.03 01:25:19.563,1.52229,1.52254,1.88,1.15
2014.03.03 01:25:23.284,1.52232,1.52254,1.38,1.58
2014.03.03 01:25:23.812,1.52232,1.52254,1.38,2.25
2014.03.03 01:25:24.884,1.52233,1.52255,1.38,1.50
2014.03.03 01:25:25.840,1.52233,1.52255,1.45,1.08
2014.03.03 01:25:25.941,1.52241,1.52258,1.00,2.03
2014.03.03 01:25:26.346,1.52235,1.52263,1.90,1.20
2014.03.03 01:25:26.396,1.52237,1.52264,1.18,1.53
2014.03.03 01:25:26.498,1.52237,1.52263,1.20,1.20
2014.03.03 01:25:26.750,1.52235,1.52258,1.00,1.20
2014.03.03 01:25:28.182,1.52234,1.52258,1.00,1.95
2014.03.03 01:25:28.723,1.52233,1.52258,1.00,1.95
2014.03.03 01:25:31.485,1.52233,1.52258,1.65,1.28
2014.03.03 01:25:31.737,1.52233,1.52258,1.50,1.20
2014.03.03 01:25:34.289,1.52233,1.52258,1.00,1.88
2014.03.03 01:25:35.036,1.52233,1.52257,1.00,1.50
2014.03.03 01:25:35.672,1.52232,1.52257,1.50,1.50
2014.03.03 01:25:37.359,1.52238,1.52257,1.00,1.50
2014.03.03 01:25:37.460,1.52238,1.52263,1.10,1.53
2014.03.03 01:25:38.527,1.52238,1.52265,1.18,1.83
2014.03.03 01:25:38.628,1.52238,1.52265,1.15,1.15
2014.03.03 01:25:40.843,1.52236,1.52266,1.95,1.39
2014.03.03 01:25:41.046,1.52236,1.52265,1.65,1.98
2014.03.03 01:25:41.838,1.52236,1.52264,1.58,1.28
2014.03.03 01:25:41.889,1.52236,1.52264,2.33,1.10
2014.03.03 01:25:41.993,1.52238,1.52266,1.50,1.39
2014.03.03 01:25:42.521,1.5224,1.52264,1.15,1.00
2014.03.03 01:25:42.824,1.52248,1.52269,1.10,1.38
2014.03.03 01:25:42.897,1.52248,1.52269,1.10,1.00
2014.03.03 01:25:43.620,1.52248,1.52269,1.00,1.18
2014.03.03 01:25:44.382,1.52248,1.52269,1.08,1.10
2014.03.03 01:25:46.032,1.52248,1.52269,1.00,1.10
2014.03.03 01:25:47.197,1.52248,1.52269,1.00,1.18
2014.03.03 01:25:50.853,1.52244,1.52269,1.15,1.15
2014.03.03 01:25:51.055,1.52241,1.52266,1.08,1.15
2014.03.03 01:25:51.265,1.52242,1.52266,1.15,1.20
2014.03.03 01:26:03.262,1.52242,1.52266,1.65,1.10
2014.03.03 01:26:03.985,1.52242,1.52268,1.65,1.18
2014.03.03 01:26:16.441,1.52242,1.52268,2.33,1.08
2014.03.03 01:26:16.945,1.52242,1.52268,3.00,1.00
2014.03.03 01:26:21.894,1.52243,1.52272,1.50,1.28
2014.03.03 01:26:22.542,1.52245,1.52272,1.50,1.10
2014.03.03 01:26:23.842,1.52248,1.52274,1.65,1.00
2014.03.03 01:26:24.373,1.52248,1.52278,1.65,1.15
2014.03.03 01:26:24.474,1.52248,1.52278,1.65,1.58
2014.03.03 01:26:24.837,1.52248,1.52278,1.15,1.15
2014.03.03 01:26:27.953,1.52247,1.52278,1.95,1.15
2014.03.03 01:26:28.512,1.52249,1.52278,1.28,1.58
2014.03.03 01:26:30.594,1.52249,1.52278,1.28,1.15
2014.03.03 01:26:31.152,1.52249,1.52278,1.28,1.15
2014.03.03 01:26:32.902,1.52248,1.52276,1.18,1.08
2014.03.03 01:26:33.003,1.52248,1.52275,1.20,1.15
2014.03.03 01:26:36.282,1.52246,1.52275,1.58,1.15
2014.03.03 01:26:36.484,1.52252,1.52275,1.18,1.00
2014.03.03 01:26:36.993,1.52251,1.52279,1.15,1.15
2014.03.03 01:26:42.543,1.52251,1.52279,1.15,1.15
2014.03.03 01:26:42.594,1.52251,1.52279,1.15,1.15
2014.03.03 01:26:44.033,1.5225,1.52279,2.33,1.15
2014.03.03 01:26:44.672,1.5225,1.52279,1.15,1.15
2014.03.03 01:26:45.076,1.5225,1.52279,2.33,1.18
2014.03.03 01:26:45.127,1.52251,1.52279,1.50,1.18
2014.03.03 01:26:45.480,1.52252,1.52279,1.58,1.08
2014.03.03 01:26:45.582,1.52252,1.52279,2.25,1.10
2014.03.03 01:26:49.761,1.52253,1.52281,1.58,1.15
2014.03.03 01:26:49.862,1.5225,1.52279,1.15,1.15
2014.03.03 01:26:49.913,1.5225,1.52279,1.15,1.58
2014.03.03 01:26:54.708,1.52251,1.52279,1.15,1.18
2014.03.03 01:26:54.860,1.52251,1.52279,1.15,1.15
2014.03.03 01:26:55.062,1.52251,1.52279,1.15,1.58
2014.03.03 01:26:57.120,1.5225,1.52278,1.15,1.88
2014.03.03 01:26:58.756,1.52252,1.5228,1.15,1.15
2014.03.03 01:26:58.907,1.52252,1.5228,1.15,1.15
2014.03.03 01:26:59.059,1.52252,1.52278,1.08,1.15
2014.03.03 01:26:59.602,1.52252,1.52278,1.00,1.15
2014.03.03 01:27:03.431,1.5225,1.52278,1.15,1.15
2014.03.03 01:27:11.348,1.52252,1.52278,1.15,1.18
2014.03.03 01:27:11.651,1.52252,1.52278,1.10,1.95
2014.03.03 01:27:13.540,1.52251,1.52278,1.58,1.18
2014.03.03 01:27:13.641,1.5225,1.52278,1.15,1.15
2014.03.03 01:27:15.684,1.52253,1.52278,1.15,1.08
2014.03.03 01:27:15.786,1.52253,1.52278,1.28,1.15
2014.03.03 01:27:15.887,1.52252,1.52278,1.95,1.10
2014.03.03 01:27:16.038,1.52252,1.52279,1.28,1.15
2014.03.03 01:27:20.968,1.52253,1.52279,1.20,1.58
2014.03.03 01:27:24.827,1.52253,1.52279,1.10,3.00
2014.03.03 01:27:25.504,1.52253,1.52278,1.00,1.50
2014.03.03 01:27:25.767,1.5225,1.52278,1.18,1.50
2014.03.03 01:27:25.919,1.52258,1.52276,1.00,1.15
2014.03.03 01:27:26.020,1.52256,1.52276,1.00,1.15
2014.03.03 01:27:26.223,1.52256,1.52276,1.00,1.58
2014.03.03 01:27:26.606,1.52256,1.52273,1.00,1.15
2014.03.03 01:27:35.897,1.52254,1.52273,1.00,1.15
2014.03.03 01:27:36.138,1.52254,1.52273,1.00,1.18
2014.03.03 01:27:43.701,1.52256,1.52273,1.00,1.18
2014.03.03 01:27:44.136,1.52256,1.52273,1.00,1.15
2014.03.03 01:27:48.120,1.52254,1.52273,1.00,1.15
2014.03.03 01:27:48.372,1.52252,1.52273,1.00,1.15
2014.03.03 01:28:15.879,1.52254,1.52269,1.00,1.00
2014.03.03 01:28:21.041,1.52256,1.52269,1.00,1.00
2014.03.03 01:28:21.346,1.52271,1.52278,1.00,1.00
2014.03.03 01:28:21.498,1.52271,1.52284,1.00,1.08
2014.03.03 01:28:21.700,1.52266,1.52287,1.00,1.15
2014.03.03 01:28:21.902,1.52268,1.52285,1.00,1.15
2014.03.03 01:28:22.255,1.52268,1.52285,1.00,1.20
2014.03.03 01:28:22.763,1.52269,1.52285,1.00,1.20
2014.03.03 01:28:29.085,1.52269,1.52289,1.00,1.28
2014.03.03 01:28:30.279,1.52269,1.52286,1.00,1.08
2014.03.03 01:28:31.590,1.52269,1.52289,1.00,1.28
2014.03.03 01:28:55.878,1.52267,1.52289,1.00,1.28
2014.03.03 01:29:00.221,1.52267,1.52289,1.10,1.28
2014.03.03 01:29:00.631,1.52267,1.52289,1.15,1.00
2014.03.03 01:29:01.389,1.52267,1.52291,1.15,1.18
2014.03.03 01:29:16.591,1.52267,1.52291,1.10,1.15
2014.03.03 01:29:36.740,1.52267,1.52291,1.00,1.15
2014.03.03 01:29:40.472,1.52265,1.52289,1.00,1.28
2014.03.03 01:29:40.979,1.52264,1.52285,1.10,1.10
2014.03.03 01:29:41.308,1.52266,1.52283,1.00,1.18
2014.03.03 01:29:41.557,1.52264,1.52283,1.00,1.18
2014.03.03 01:29:45.182,1.52263,1.52283,1.00,1.18
2014.03.03 01:29:45.880,1.52263,1.52283,1.10,1.00
2014.03.03 01:29:46.393,1.52263,1.52286,1.10,1.18
2014.03.03 01:29:47.798,1.52266,1.52286,1.00,1.18
2014.03.03 01:29:54.619,1.52263,1.52286,1.10,1.18
2014.03.03 01:29:58.763,1.52263,1.52276,1.10,1.00
2014.03.03 01:29:58.915,1.52252,1.52276,1.00,2.25
2014.03.03 01:29:59.118,1.52252,1.52272,1.00,2.70
2014.03.03 01:29:59.219,1.52252,1.52269,1.00,1.10
2014.03.03 01:29:59.371,1.52249,1.52269,1.00,1.10
2014.03.03 01:30:00.601,1.52251,1.52269,1.00,1.10
2014.03.03 01:30:00.703,1.52248,1.52269,1.10,1.20
2014.03.03 01:30:00.755,1.52248,1.52269,1.00,1.18
2014.03.03 01:30:01.269,1.52252,1.52267,1.00,1.18
2014.03.03 01:30:02.351,1.52248,1.52267,1.00,1.18
2014.03.03 01:30:02.477,1.5225,1.52267,1.00,1.18
2014.03.03 01:30:13.576,1.5225,1.5227,1.00,1.15
2014.03.03 01:30:15.406,1.5225,1.5227,1.00,1.15
2014.03.03 01:30:16.015,1.5225,1.52267,1.00,1.18
2014.03.03 01:30:16.531,1.52251,1.52267,1.00,1.18
2014.03.03 01:30:20.049,1.52251,1.52267,1.00,1.18
2014.03.03 01:30:23.100,1.52251,1.52267,1.00,1.00
2014.03.03 01:30:31.583,1.52254,1.52267,1.00,1.10
2014.03.03 01:30:31.971,1.52254,1.52267,1.00,1.18
2014.03.03 01:30:32.574,1.52251,1.52267,1.00,1.18
2014.03.03 01:30:35.237,1.5225,1.52267,1.00,1.18
2014.03.03 01:30:36.160,1.5225,1.52267,1.00,1.15
2014.03.03 01:30:36.704,1.52249,1.52267,1.00,1.08
2014.03.03 01:30:36.755,1.52252,1.52267,1.00,1.00
2014.03.03 01:30:36.907,1.52256,1.52267,1.00,1.00
2014.03.03 01:30:37.008,1.52256,1.52272,1.00,1.15
2014.03.03 01:30:37.059,1.52256,1.52272,1.00,1.18
2014.03.03 01:30:56.781,1.52261,1.52272,1.00,1.00
2014.03.03 01:30:56.832,1.52261,1.52277,1.00,1.13
2014.03.03 01:30:56.934,1.52261,1.5228,1.00,1.10
2014.03.03 01:30:57.036,1.52261,1.52283,1.00,1.15
2014.03.03 01:30:57.137,1.52263,1.52283,1.00,1.10
2014.03.03 01:30:57.676,1.52265,1.52283,1.00,1.10
2014.03.03 01:30:58.029,1.52262,1.52283,1.10,1.10
2014.03.03 01:31:12.740,1.52262,1.52283,1.15,1.00
2014.03.03 01:31:12.842,1.52265,1.52285,1.00,1.10
2014.03.03 01:31:12.993,1.52265,1.52285,1.00,1.15
2014.03.03 01:31:13.643,1.52266,1.52285,1.00,1.15
2014.03.03 01:31:18.749,1.52266,1.52285,1.45,1.08
2014.03.03 01:31:19.052,1.52272,1.52288,1.08,1.00
2014.03.03 01:31:19.103,1.52272,1.52291,1.45,1.00
2014.03.03 01:31:19.154,1.52277,1.52291,1.00,1.00
2014.03.03 01:31:19.205,1.52277,1.52295,1.00,1.18
2014.03.03 01:31:19.558,1.52277,1.52295,1.00,1.15
2014.03.03 01:31:19.609,1.52272,1.52295,1.00,2.03
2014.03.03 01:31:19.659,1.52272,1.52293,1.00,1.95
2014.03.03 01:31:19.811,1.52268,1.52291,1.50,1.50
2014.03.03 01:31:21.420,1.52268,1.52288,1.50,1.18
2014.03.03 01:31:24.744,1.52268,1.52288,1.00,1.18
2014.03.03 01:31:26.276,1.52269,1.52288,1.00,1.15
2014.03.03 01:31:28.415,1.52268,1.52288,1.50,1.15
2014.03.03 01:31:30.270,1.52268,1.52288,1.10,1.08
2014.03.03 01:31:30.321,1.52269,1.52292,1.00,1.15
2014.03.03 01:31:31.437,1.52269,1.52292,1.88,1.15
2014.03.03 01:31:46.018,1.52275,1.52292,1.00,1.15
2014.03.03 01:31:49.296,1.52275,1.52292,1.00,1.20
2014.03.03 01:31:53.687,1.52277,1.52292,1.00,1.20
2014.03.03 01:31:54.192,1.52277,1.52293,1.00,1.10
2014.03.03 01:32:29.638,1.52277,1.52297,1.00,1.55
2014.03.03 01:32:38.061,1.52278,1.52297,1.00,1.18
2014.03.03 01:32:57.383,1.52276,1.52297,1.00,1.18
2014.03.03 01:33:00.894,1.52277,1.52297,1.00,1.18
2014.03.03 01:33:02.696,1.52275,1.52297,1.00,1.18
2014.03.03 01:33:02.797,1.52277,1.52297,1.00,1.18
2014.03.03 01:33:07.140,1.52277,1.52297,1.00,1.15
2014.03.03 01:33:10.715,1.52276,1.52297,1.00,1.15
2014.03.03 01:33:13.255,1.52277,1.52297,1.00,1.15
2014.03.03 01:33:27.190,1.52277,1.52297,1.00,1.58
2014.03.03 01:33:32.192,1.52277,1.52299,1.00,2.25
2014.03.03 01:33:42.483,1.52274,1.523,1.00,2.25
2014.03.03 01:34:00.505,1.52274,1.52301,1.00,1.50
2014.03.03 01:34:10.465,1.52274,1.52295,1.00,1.10
2014.03.03 01:34:11.039,1.52274,1.52295,1.00,1.18
2014.03.03 01:34:11.634,1.52282,1.52295,1.00,1.18
2014.03.03 01:34:13.651,1.52286,1.52295,1.00,1.08
2014.03.03 01:34:13.804,1.52286,1.523,1.00,1.00
2014.03.03 01:34:13.855,1.52291,1.52304,1.00,1.15
2014.03.03 01:34:14.007,1.52297,1.52306,1.00,1.00
2014.03.03 01:34:14.058,1.52291,1.52306,1.00,1.00
2014.03.03 01:34:14.109,1.52291,1.52314,1.00,1.53
2014.03.03 01:34:14.312,1.52291,1.52313,1.00,2.70
2014.03.03 01:34:14.565,1.52294,1.5231,1.00,1.00
2014.03.03 01:34:14.615,1.52305,1.5231,1.00,1.00
2014.03.03 01:34:14.767,1.52305,1.52317,1.00,1.15
2014.03.03 01:34:14.868,1.52294,1.52315,1.18,1.10
2014.03.03 01:34:14.970,1.52294,1.52319,1.20,1.65
2014.03.03 01:34:15.020,1.52294,1.52319,1.00,3.00
2014.03.03 01:34:15.417,1.52296,1.52316,1.00,1.15
2014.03.03 01:34:15.932,1.52296,1.52316,1.00,1.58
2014.03.03 01:34:16.033,1.52294,1.52314,1.00,1.15
2014.03.03 01:34:16.336,1.52294,1.52314,1.10,1.00
2014.03.03 01:34:16.437,1.52294,1.52319,1.10,1.15
2014.03.03 01:34:16.538,1.52294,1.52319,1.00,1.58
2014.03.03 01:34:16.842,1.52292,1.52315,1.00,1.15
2014.03.03 01:34:18.029,1.52292,1.52315,1.64,1.18
2014.03.03 01:34:18.332,1.52303,1.52322,1.00,1.00
2014.03.03 01:34:18.535,1.52303,1.52328,1.15,1.18
2014.03.03 01:34:18.890,1.52303,1.52331,1.72,1.15
2014.03.03 01:34:19.042,1.52306,1.52335,1.72,1.28
2014.03.03 01:34:19.345,1.52307,1.52335,1.39,1.18
2014.03.03 01:34:19.396,1.52307,1.52335,2.07,1.20
2014.03.03 01:34:19.447,1.52307,1.52335,1.39,1.18
2014.03.03 01:34:19.498,1.52306,1.52335,1.72,1.15
2014.03.03 01:34:22.085,1.52314,1.52335,1.00,1.15
2014.03.03 01:34:22.339,1.52314,1.52338,1.29,1.15
2014.03.03 01:34:22.718,1.52314,1.52338,1.37,1.18
2014.03.03 01:34:23.101,1.52308,1.5233,1.75,1.75
2014.03.03 01:34:23.152,1.52308,1.5233,1.00,2.25
2014.03.03 01:34:23.314,1.52304,1.5233,1.10,1.83
2014.03.03 01:34:23.367,1.52312,1.5233,1.00,1.15
2014.03.03 01:34:23.569,1.52312,1.52332,1.00,1.15
2014.03.03 01:34:24.096,1.52304,1.52332,1.39,1.18
2014.03.03 01:34:24.198,1.52303,1.52332,1.72,1.85
2014.03.03 01:34:24.503,1.52309,1.52331,1.57,1.08
2014.03.03 01:34:24.605,1.52309,1.52332,1.57,1.08
2014.03.03 01:34:24.656,1.52305,1.52332,1.02,1.08
2014.03.03 01:34:24.758,1.52302,1.52332,2.14,1.15
2014.03.03 01:34:25.421,1.52302,1.52329,1.72,1.15
2014.03.03 01:34:26.788,1.52302,1.52329,2.14,1.15
2014.03.03 01:34:45.132,1.52307,1.52329,1.57,1.15
2014.03.03 01:34:45.550,1.52305,1.52329,2.22,1.00
2014.03.03 01:34:45.767,1.52305,1.52332,2.22,1.18
2014.03.03 01:34:48.879,1.52307,1.52332,1.09,1.18
2014.03.03 01:34:49.692,1.52308,1.52332,1.64,1.20
2014.03.03 01:35:05.525,1.52309,1.52336,1.72,1.18
2014.03.03 01:35:05.626,1.52309,1.52336,1.72,1.18
2014.03.03 01:35:17.938,1.52314,1.52336,1.19,1.18
2014.03.03 01:35:19.225,1.52314,1.52336,1.19,1.15
2014.03.03 01:35:19.732,1.52314,1.52336,1.19,1.15
2014.03.03 01:35:22.104,1.52314,1.52336,1.39,1.00
2014.03.03 01:35:22.306,1.52317,1.52339,1.10,1.18
2014.03.03 01:35:22.610,1.52317,1.52339,1.64,1.10
2014.03.03 01:35:22.965,1.5232,1.52342,1.25,1.15
2014.03.03 01:35:25.106,1.5232,1.52342,1.02,1.00
2014.03.03 01:35:25.258,1.5232,1.52342,1.67,1.00
2014.03.03 01:35:26.176,1.52322,1.52345,1.37,1.18
2014.03.03 01:35:33.344,1.52316,1.52345,1.39,1.15
2014.03.03 01:35:33.445,1.52315,1.52345,2.52,1.15
2014.03.03 01:35:47.122,1.52315,1.52345,2.14,1.65
2014.03.03 01:35:53.797,1.52315,1.52345,2.82,1.65
2014.03.03 01:36:02.193,1.52315,1.52345,3.19,1.65
2014.03.03 01:36:05.744,1.52315,1.52342,2.44,1.00
2014.03.03 01:36:06.943,1.52315,1.52342,1.09,1.18
2014.03.03 01:36:16.419,1.52316,1.52344,2.52,1.15
2014.03.03 01:36:16.520,1.52318,1.52344,2.82,1.00
2014.03.03 01:36:16.736,1.52318,1.52348,2.82,1.15
2014.03.03 01:36:21.794,1.52319,1.52342,1.57,1.50
2014.03.03 01:36:22.104,1.52314,1.52339,2.82,1.15
2014.03.03 01:36:22.256,1.52314,1.52339,2.59,1.10
2014.03.03 01:36:35.015,1.52315,1.52341,1.84,1.15
2014.03.03 01:36:37.245,1.52314,1.52339,1.84,1.08
2014.03.03 01:36:40.343,1.52312,1.52341,1.72,1.15
2014.03.03 01:36:40.444,1.5231,1.52338,2.97,1.08
2014.03.03 01:36:40.646,1.52307,1.52335,1.47,1.58
2014.03.03 01:36:45.909,1.52302,1.52331,2.59,1.15
2014.03.03 01:36:46.319,1.52302,1.52328,2.59,1.08
2014.03.03 01:36:46.471,1.523,1.52326,1.72,1.15
2014.03.03 01:36:46.574,1.523,1.52326,1.67,1.58
2014.03.03 01:36:46.675,1.523,1.52326,1.72,1.15
2014.03.03 01:36:50.572,1.52302,1.52326,1.67,1.15
2014.03.03 01:36:50.623,1.52302,1.52326,1.72,1.18
2014.03.03 01:36:50.926,1.52306,1.5233,1.25,1.15
2014.03.03 01:36:51.027,1.52306,1.5233,1.25,1.83
2014.03.03 01:36:51.330,1.52302,1.52328,1.67,1.50
2014.03.03 01:37:00.061,1.52299,1.52327,1.09,1.58
2014.03.03 01:37:02.407,1.52298,1.52326,1.47,1.15
2014.03.03 01:37:02.660,1.52297,1.52324,1.09,1.15
2014.03.03 01:37:03.092,1.52293,1.52323,1.84,1.58
2014.03.03 01:37:04.486,1.52291,1.5232,1.84,1.15
2014.03.03 01:37:08.503,1.52295,1.5232,1.47,1.15
2014.03.03 01:37:08.553,1.52295,1.5232,1.72,1.08
2014.03.03 01:37:08.705,1.52297,1.52322,1.64,1.08
2014.03.03 01:37:08.906,1.52297,1.52326,2.07,1.15
2014.03.03 01:37:09.124,1.52297,1.52326,1.69,1.15
2014.03.03 01:37:09.174,1.52297,1.52326,1.30,1.15
2014.03.03 01:37:09.703,1.52297,1.52327,1.40,1.58
2014.03.03 01:37:12.508,1.52298,1.52328,1.02,1.58
2014.03.03 01:37:13.020,1.52298,1.52328,1.02,1.15
2014.03.03 01:37:17.813,1.52297,1.52324,1.32,1.18
2014.03.03 01:37:17.914,1.52295,1.52324,1.74,2.33
2014.03.03 01:37:17.965,1.52292,1.52324,2.59,2.33
2014.03.03 01:37:18.066,1.52292,1.5232,1.40,1.15
2014.03.03 01:37:18.117,1.52292,1.5232,1.40,1.15
2014.03.03 01:37:26.703,1.52292,1.52318,1.83,1.00
2014.03.03 01:37:26.804,1.52291,1.52318,1.72,1.18
2014.03.03 01:37:28.135,1.52292,1.5232,1.47,1.58
2014.03.03 01:37:28.338,1.52294,1.5232,1.58,1.08
2014.03.03 01:37:28.439,1.52295,1.5232,1.08,1.15
2014.03.03 01:37:28.642,1.52295,1.52321,1.72,1.15
2014.03.03 01:37:28.693,1.52295,1.52323,1.72,1.15
2014.03.03 01:37:29.199,1.52296,1.52325,1.72,1.15
2014.03.03 01:37:38.157,1.52301,1.52325,1.00,1.15
2014.03.03 01:37:43.570,1.52301,1.52325,1.20,1.15
2014.03.03 01:37:55.253,1.523,1.52325,1.15,1.18
2014.03.03 01:37:55.950,1.523,1.52329,1.15,1.15
2014.03.03 01:38:01.002,1.52301,1.52329,1.10,1.58
2014.03.03 01:38:02.846,1.52301,1.52329,1.67,1.58
2014.03.03 01:38:03.149,1.5231,1.52329,1.32,1.15
2014.03.03 01:38:03.267,1.5231,1.52329,1.32,1.18
2014.03.03 01:38:03.318,1.5231,1.52329,1.32,1.20
2014.03.03 01:38:04.594,1.5231,1.52332,1.19,1.15
2014.03.03 01:38:04.846,1.52304,1.52332,1.34,1.28
2014.03.03 01:38:04.947,1.52304,1.52329,1.34,1.18
2014.03.03 01:38:06.135,1.52304,1.52327,1.64,1.08
2014.03.03 01:38:06.439,1.52307,1.52331,1.57,1.95
2014.03.03 01:38:06.490,1.52307,1.52331,1.64,1.15
2014.03.03 01:38:06.998,1.52307,1.52331,1.64,1.18
2014.03.03 01:38:10.963,1.52309,1.52331,1.32,1.15
2014.03.03 01:38:14.953,1.52312,1.52331,1.25,1.15
2014.03.03 01:38:23.089,1.52312,1.52331,1.25,1.18
2014.03.03 01:38:23.682,1.52313,1.52334,1.00,1.15
2014.03.03 01:38:26.854,1.52305,1.52334,1.30,1.15
2014.03.03 01:38:26.905,1.52304,1.52334,1.34,1.95
2014.03.03 01:38:26.955,1.52304,1.52334,1.34,1.95
2014.03.03 01:38:27.767,1.52306,1.52332,1.64,1.15
2014.03.03 01:38:27.918,1.52306,1.52332,1.72,1.20
2014.03.03 01:38:28.374,1.52311,1.52334,1.18,1.00
2014.03.03 01:38:28.679,1.52313,1.5234,1.15,1.15
2014.03.03 01:38:35.634,1.52309,1.5234,2.07,1.15
2014.03.03 01:38:38.049,1.52311,1.5234,1.72,1.15
2014.03.03 01:38:44.680,1.52316,1.5234,1.57,1.15
2014.03.03 01:38:44.730,1.52316,1.5234,1.57,1.58
2014.03.03 01:38:45.039,1.52314,1.52339,1.57,1.20
2014.03.03 01:38:45.344,1.52314,1.52336,1.57,2.63
2014.03.03 01:38:47.441,1.52311,1.52333,1.57,1.15
2014.03.03 01:38:47.948,1.52308,1.52333,1.57,1.58
2014.03.03 01:38:49.519,1.52308,1.52333,1.57,1.58
2014.03.03 01:38:52.267,1.52307,1.52333,1.67,1.58
2014.03.03 01:38:52.818,1.52308,1.52331,1.00,1.15
2014.03.03 01:38:52.869,1.52308,1.52331,1.00,1.83
2014.03.03 01:38:53.661,1.52307,1.52326,1.50,1.18
2014.03.03 01:38:53.964,1.523,1.52324,1.00,1.83
2014.03.03 01:38:54.267,1.523,1.52318,1.00,1.50
2014.03.03 01:38:54.368,1.52294,1.52317,1.25,2.63
2014.03.03 01:38:59.099,1.52296,1.52315,1.00,1.15
2014.03.03 01:38:59.310,1.52294,1.52315,1.00,1.15
2014.03.03 01:38:59.463,1.52294,1.52312,1.00,1.15
2014.03.03 01:38:59.716,1.52277,1.52307,1.50,1.18
2014.03.03 01:38:59.767,1.52276,1.52304,3.75,1.50
2014.03.03 01:38:59.818,1.52276,1.52304,1.08,2.25
2014.03.03 01:38:59.919,1.52273,1.523,1.10,1.83
2014.03.03 01:38:59.970,1.52273,1.52288,1.10,1.00
2014.03.03 01:39:00.273,1.52268,1.52283,1.00,1.58
2014.03.03 01:39:00.374,1.52253,1.52283,1.15,2.25
2014.03.03 01:39:00.577,1.52253,1.52282,1.08,2.25
2014.03.03 01:39:09.069,1.52252,1.52279,1.10,1.83
2014.03.03 01:39:09.410,1.52254,1.52279,1.00,1.83
2014.03.03 01:39:11.351,1.52248,1.52279,1.53,1.83
2014.03.03 01:39:12.910,1.52246,1.52278,1.15,1.50
2014.03.03 01:39:13.214,1.52242,1.52255,2.25,2.25
2014.03.03 01:39:13.265,1.52238,1.52249,1.00,1.15
2014.03.03 01:39:13.316,1.52225,1.52249,1.10,1.15
2014.03.03 01:39:13.367,1.52225,1.52244,1.00,1.75
2014.03.03 01:39:13.418,1.52221,1.52244,1.19,2.25
2014.03.03 01:39:13.519,1.52221,1.52244,1.19,1.15
2014.03.03 01:39:13.671,1.5222,1.52244,1.00,1.58
2014.03.03 01:39:13.722,1.5222,1.52245,1.38,1.50
2014.03.03 01:39:13.823,1.52215,1.52244,1.70,2.25
2014.03.03 01:39:13.874,1.52215,1.52244,1.70,1.58
2014.03.03 01:39:14.177,1.52217,1.52243,1.53,1.18
2014.03.03 01:39:14.762,1.52228,1.52249,1.00,1.83
2014.03.03 01:39:14.813,1.52228,1.52249,1.00,1.15
2014.03.03 01:39:14.914,1.52228,1.52249,1.10,1.10
2014.03.03 01:39:15.016,1.5223,1.52254,1.00,1.58
2014.03.03 01:39:15.319,1.52232,1.52255,1.00,1.50
2014.03.03 01:39:15.852,1.52233,1.52257,1.00,1.50
2014.03.03 01:39:17.302,1.52233,1.5226,1.00,1.50
2014.03.03 01:39:18.072,1.52232,1.5226,1.00,2.25
2014.03.03 01:39:18.603,1.52232,1.52261,1.08,1.50
2014.03.03 01:39:18.653,1.52232,1.52261,1.15,1.50
2014.03.03 01:39:19.208,1.52232,1.52264,1.15,3.00
2014.03.03 01:39:26.400,1.52237,1.52264,1.00,1.50
2014.03.03 01:39:32.431,1.52237,1.52265,1.08,2.33
2014.03.03 01:39:32.482,1.52241,1.52266,1.00,1.50
2014.03.03 01:39:32.684,1.52243,1.52267,1.00,1.58
2014.03.03 01:39:33.038,1.52246,1.52268,1.00,1.50
2014.03.03 01:39:33.341,1.52246,1.52272,1.00,1.15
2014.03.03 01:39:33.846,1.52245,1.52273,1.10,1.58
2014.03.03 01:39:35.160,1.52242,1.52272,1.08,2.33
2014.03.03 01:39:35.211,1.52238,1.52269,1.65,2.25
2014.03.03 01:39:35.515,1.5224,1.52267,1.10,1.88
2014.03.03 01:39:36.469,1.52237,1.52267,1.15,2.70
2014.03.03 01:39:37.025,1.52237,1.52266,1.15,1.50
2014.03.03 01:39:37.841,1.5224,1.52266,1.00,1.50
2014.03.03 01:39:38.155,1.5224,1.52263,1.00,2.25
2014.03.03 01:39:38.691,1.52239,1.52263,1.00,2.25
2014.03.03 01:39:40.148,1.52232,1.52262,1.15,1.83
2014.03.03 01:39:41.280,1.52232,1.52261,1.10,1.50
2014.03.03 01:39:41.381,1.52234,1.52261,1.00,1.50
2014.03.03 01:39:41.719,1.52234,1.52263,2.04,3.08
2014.03.03 01:39:41.770,1.52235,1.52263,1.09,1.83
2014.03.03 01:39:41.871,1.52235,1.52263,1.09,1.15
2014.03.03 01:39:42.220,1.52234,1.52263,1.84,1.83
2014.03.03 01:39:42.422,1.52232,1.52261,1.45,2.25
2014.03.03 01:39:42.574,1.52232,1.52261,1.10,2.25
2014.03.03 01:39:42.727,1.5223,1.52256,1.02,1.58
2014.03.03 01:39:43.081,1.52223,1.52254,1.53,2.25
2014.03.03 01:39:46.289,1.52224,1.52255,1.28,1.58
2014.03.03 01:39:46.846,1.52224,1.52257,1.95,1.58
2014.03.03 01:39:50.880,1.52224,1.52253,1.65,1.50
2014.03.03 01:39:51.132,1.52224,1.52253,1.58,1.50
2014.03.03 01:39:51.435,1.52222,1.52246,1.58,1.18
2014.03.03 01:39:51.739,1.52214,1.52236,1.75,1.00
2014.03.03 01:39:51.789,1.52214,1.52236,1.00,1.00
2014.03.03 01:39:52.042,1.52209,1.52236,1.75,1.00
2014.03.03 01:39:52.143,1.52213,1.5224,1.00,1.00
2014.03.03 01:39:52.684,1.52212,1.52239,1.00,1.95
2014.03.03 01:39:53.146,1.5221,1.52239,1.00,1.00
2014.03.03 01:39:53.677,1.52212,1.52239,1.00,1.00
2014.03.03 01:39:54.700,1.52213,1.5224,1.00,1.00
2014.03.03 01:39:57.888,1.5221,1.52236,1.50,1.00
2014.03.03 01:39:58.102,1.52211,1.5224,1.00,1.00
2014.03.03 01:39:58.456,1.5221,1.52235,1.50,1.00
2014.03.03 01:39:58.557,1.52211,1.52239,1.00,1.00
2014.03.03 01:39:58.658,1.52206,1.52236,1.28,1.00
2014.03.03 01:39:59.163,1.52205,1.52236,1.00,1.10
2014.03.03 01:39:59.641,1.52206,1.52236,1.38,1.10
2014.03.03 01:39:59.742,1.52209,1.52239,1.13,2.33
2014.03.03 01:39:59.973,1.52212,1.52239,1.00,1.08
2014.03.03 01:40:00.076,1.52208,1.52238,1.38,1.00
2014.03.03 01:40:00.637,1.52211,1.52239,1.00,1.10
2014.03.03 01:40:00.687,1.52211,1.52237,1.00,1.00
2014.03.03 01:40:00.995,1.52207,1.52235,1.38,1.00
2014.03.03 01:40:01.197,1.5221,1.52237,1.00,1.00
2014.03.03 01:40:01.739,1.52209,1.52236,1.00,1.00
2014.03.03 01:40:03.031,1.52207,1.52236,1.38,1.35
2014.03.03 01:40:03.233,1.52213,1.52242,1.13,1.00
2014.03.03 01:40:03.739,1.52214,1.52242,1.13,1.00
2014.03.03 01:40:08.363,1.52213,1.52242,1.38,1.00
2014.03.03 01:40:09.062,1.52217,1.52242,1.00,1.00
2014.03.03 01:40:09.345,1.52217,1.52244,1.00,1.00
2014.03.03 01:40:09.446,1.52212,1.52244,1.15,1.00
2014.03.03 01:40:09.497,1.52212,1.52244,1.15,1.00
2014.03.03 01:40:09.896,1.52219,1.52246,1.00,1.00
2014.03.03 01:40:14.063,1.52221,1.5225,1.00,1.00
2014.03.03 01:40:14.947,1.52221,1.5225,1.08,1.08
2014.03.03 01:40:22.507,1.52219,1.52246,2.33,1.00
2014.03.03 01:40:22.811,1.52221,1.52246,1.50,1.00
2014.03.03 01:40:22.912,1.52219,1.52245,1.15,1.20
2014.03.03 01:40:23.266,1.52216,1.52244,1.15,1.18
2014.03.03 01:40:23.587,1.52216,1.52241,1.15,1.00
2014.03.03 01:40:24.959,1.52216,1.52241,1.15,1.18
2014.03.03 01:40:25.263,1.52215,1.52243,2.25,1.18
2014.03.03 01:40:27.710,1.52219,1.52244,1.15,1.18
2014.03.03 01:40:28.114,1.52219,1.52246,1.15,1.18
2014.03.03 01:40:29.908,1.52219,1.52246,1.15,1.15
2014.03.03 01:40:30.009,1.52219,1.52246,1.83,1.18
2014.03.03 01:40:30.312,1.52226,1.5225,1.08,1.08
2014.03.03 01:40:30.414,1.52226,1.52253,1.53,2.40
2014.03.03 01:40:30.465,1.52237,1.52253,1.00,1.18
2014.03.03 01:40:30.567,1.52237,1.52253,1.00,1.00
2014.03.03 01:40:30.618,1.52237,1.52257,1.00,1.00
2014.03.03 01:40:30.719,1.52233,1.52264,1.50,1.15
2014.03.03 01:40:31.649,1.52234,1.52265,1.15,2.33
2014.03.03 01:40:31.700,1.52234,1.52263,1.15,1.50
2014.03.03 01:40:32.740,1.52232,1.52263,2.33,1.58
2014.03.03 01:40:32.791,1.52233,1.52263,1.50,1.15
2014.03.03 01:40:34.959,1.5224,1.52263,1.95,1.08
2014.03.03 01:40:35.161,1.52246,1.52273,1.18,1.15
2014.03.03 01:40:35.212,1.52246,1.52273,1.15,1.15
2014.03.03 01:40:35.554,1.52247,1.5228,1.83,2.33
2014.03.03 01:40:50.752,1.52249,1.5228,1.50,1.58
2014.03.03 01:40:50.970,1.52252,1.5228,1.50,1.20
2014.03.03 01:40:51.223,1.52259,1.52284,1.50,1.00
2014.03.03 01:40:51.324,1.52263,1.52289,1.15,1.15
2014.03.03 01:40:52.414,1.52268,1.52293,1.75,1.75
2014.03.03 01:40:52.465,1.52269,1.52293,1.50,1.00
2014.03.03 01:40:52.667,1.52274,1.52303,1.08,2.25
2014.03.03 01:40:52.718,1.52274,1.52303,1.18,2.33
2014.03.03 01:40:52.819,1.52274,1.52304,1.95,1.08
2014.03.03 01:40:52.870,1.52282,1.52307,1.00,1.13
2014.03.03 01:40:52.921,1.52282,1.5231,1.00,1.48
2014.03.03 01:40:53.949,1.52282,1.52314,1.00,1.00
2014.03.03 01:40:54.159,1.52282,1.52314,1.00,1.18
2014.03.03 01:40:54.462,1.5228,1.52314,1.00,1.50
2014.03.03 01:40:55.818,1.52276,1.52314,1.00,1.50
2014.03.03 01:40:58.576,1.52276,1.52313,1.08,1.08
2014.03.03 01:40:58.677,1.52276,1.52316,1.15,1.15
2014.03.03 01:41:01.314,1.52276,1.52316,1.58,1.18
2014.03.03 01:41:01.566,1.52288,1.52318,1.00,1.65
2014.03.03 01:41:01.769,1.52288,1.52319,1.00,1.20
2014.03.03 01:41:03.847,1.5229,1.52322,1.00,2.03
2014.03.03 01:41:04.400,1.5229,1.52322,1.00,1.53
2014.03.03 01:41:06.362,1.5229,1.52321,1.08,1.38
2014.03.03 01:41:06.615,1.52289,1.52322,1.18,1.50
2014.03.03 01:41:06.666,1.52289,1.52327,1.65,1.65
2014.03.03 01:41:06.717,1.52289,1.52327,4.58,1.10
2014.03.03 01:41:07.221,1.52297,1.52327,1.15,1.00
2014.03.03 01:41:07.481,1.52297,1.52333,1.15,1.02
2014.03.03 01:41:07.585,1.52299,1.52333,1.08,1.25
2014.03.03 01:41:07.686,1.52303,1.52336,1.08,1.00
2014.03.03 01:41:08.202,1.52303,1.52336,1.00,1.20
2014.03.03 01:41:08.577,1.523,1.52333,1.18,1.00
2014.03.03 01:41:09.136,1.523,1.52333,1.15,1.00
2014.03.03 01:41:09.479,1.52298,1.52326,1.18,1.00
2014.03.03 01:41:09.733,1.52303,1.52334,1.00,1.18
2014.03.03 01:41:09.784,1.52303,1.52334,1.00,1.10
2014.03.03 01:41:09.835,1.52308,1.52336,1.00,1.53
2014.03.03 01:41:10.038,1.52308,1.52337,1.00,2.03
2014.03.03 01:41:10.189,1.52308,1.52335,1.00,1.00
2014.03.03 01:41:10.240,1.52304,1.52333,1.00,1.00
2014.03.03 01:41:10.797,1.52302,1.52329,1.00,1.00
2014.03.03 01:41:11.151,1.52299,1.52326,1.10,1.00
2014.03.03 01:41:11.201,1.52296,1.52326,1.18,1.00
2014.03.03 01:41:11.400,1.52295,1.5232,1.13,1.00
2014.03.03 01:41:11.711,1.52292,1.5232,1.00,1.45
2014.03.03 01:41:12.014,1.52283,1.52316,2.14,1.50
2014.03.03 01:41:12.318,1.52279,1.52311,1.83,1.58
2014.03.03 01:41:12.368,1.52278,1.5231,2.25,1.15
2014.03.03 01:41:12.520,1.52278,1.52306,1.08,1.85
2014.03.03 01:41:12.571,1.52273,1.52305,1.20,1.50
2014.03.03 01:41:18.530,1.52276,1.52307,1.58,2.33
2014.03.03 01:41:18.581,1.52276,1.5231,2.25,1.83
2014.03.03 01:41:18.733,1.5228,1.52315,1.58,4.50
2014.03.03 01:41:18.834,1.5228,1.52315,2.25,2.63
2014.03.03 01:41:18.935,1.5228,1.52313,1.15,1.50
2014.03.03 01:41:19.608,1.52278,1.52312,1.83,2.25
2014.03.03 01:41:19.808,1.52275,1.52308,1.15,2.25
2014.03.03 01:41:20.163,1.52275,1.52306,1.15,1.50
2014.03.03 01:41:22.028,1.52273,1.52302,1.53,1.50
2014.03.03 01:41:22.130,1.52271,1.52296,1.20,1.15
2014.03.03 01:41:22.232,1.52268,1.52296,1.15,1.58
2014.03.03 01:41:22.689,1.52266,1.52296,1.58,1.15
2014.03.03 01:41:23.447,1.52265,1.52296,1.15,1.88
2014.03.03 01:41:24.188,1.52262,1.52291,1.83,1.08
2014.03.03 01:41:24.239,1.52262,1.52291,1.15,1.58
2014.03.03 01:41:24.290,1.52262,1.52291,1.15,1.83
2014.03.03 01:41:24.340,1.52258,1.52291,1.58,2.25
2014.03.03 01:41:24.391,1.52258,1.52291,1.83,2.25
2014.03.03 01:41:27.219,1.5226,1.52292,2.25,1.15
2014.03.03 01:41:30.393,1.52263,1.52295,1.83,1.95
2014.03.03 01:41:30.444,1.52264,1.52295,1.50,1.28
2014.03.03 01:41:30.697,1.52267,1.52297,1.58,1.20
2014.03.03 01:41:30.799,1.5227,1.52298,1.15,1.53
2014.03.03 01:41:31.102,1.5227,1.52298,1.15,2.33
2014.03.03 01:41:31.355,1.5227,1.52297,1.10,1.20
2014.03.03 01:41:31.679,1.5227,1.52298,1.15,1.53
2014.03.03 01:41:34.489,1.5227,1.52297,1.15,1.20
2014.03.03 01:41:36.377,1.52267,1.52295,1.18,2.70
2014.03.03 01:41:36.428,1.52267,1.52295,1.10,2.70
2014.03.03 01:41:36.782,1.52267,1.52294,1.08,1.28
2014.03.03 01:41:37.341,1.52267,1.52294,1.15,1.28
2014.03.03 01:41:40.295,1.52267,1.52294,1.18,1.28
2014.03.03 01:41:40.346,1.52267,1.52295,1.10,1.95
2014.03.03 01:41:41.700,1.52267,1.52295,1.50,1.53
2014.03.03 01:41:41.751,1.52267,1.52295,1.58,1.18
2014.03.03 01:41:41.954,1.5227,1.52295,1.00,1.53
2014.03.03 01:41:42.250,1.52266,1.52294,1.15,1.20
2014.03.03 01:41:42.835,1.52266,1.52294,1.15,1.20
2014.03.03 01:41:44.245,1.52266,1.52292,1.00,1.50
2014.03.03 01:41:44.818,1.52261,1.52292,1.53,1.50
2014.03.03 01:41:46.729,1.52265,1.52294,1.50,1.53
2014.03.03 01:41:47.083,1.52266,1.52295,1.15,1.65
2014.03.03 01:41:47.184,1.52263,1.52294,1.28,2.25
2014.03.03 01:41:47.487,1.52263,1.52291,1.28,1.50
2014.03.03 01:41:48.160,1.52258,1.52288,1.18,1.88
2014.03.03 01:41:48.463,1.52257,1.52285,1.08,1.20
2014.03.03 01:41:48.514,1.52254,1.52285,1.15,2.63
2014.03.03 01:41:49.458,1.52254,1.52284,1.15,1.95
2014.03.03 01:41:49.509,1.52254,1.52283,1.15,1.20
2014.03.03 01:41:51.732,1.52252,1.52283,3.00,1.95
2014.03.03 01:41:51.783,1.52253,1.52283,1.50,1.18
2014.03.03 01:41:51.885,1.52255,1.52283,1.50,1.08
2014.03.03 01:41:52.039,1.52255,1.52286,1.58,1.58
2014.03.03 01:41:54.210,1.52255,1.52286,3.00,1.58
2014.03.03 01:41:54.311,1.52256,1.52286,1.50,1.15
2014.03.03 01:41:54.716,1.52257,1.52286,1.50,1.10
2014.03.03 01:41:56.782,1.52261,1.52291,1.58,1.15
2014.03.03 01:41:56.884,1.52262,1.52294,1.58,1.20
2014.03.03 01:41:58.344,1.52263,1.52295,1.50,1.95
2014.03.03 01:41:58.647,1.52268,1.52297,1.15,1.15
2014.03.03 01:41:58.748,1.52268,1.52297,1.18,1.58
2014.03.03 01:42:01.054,1.52265,1.52295,1.15,1.50
2014.03.03 01:42:01.279,1.52265,1.52296,2.25,1.65
2014.03.03 01:42:03.004,1.52267,1.52296,1.18,1.15
2014.03.03 01:42:03.055,1.52267,1.52296,1.18,2.33
2014.03.03 01:42:03.105,1.52267,1.52296,1.08,3.00
2014.03.03 01:42:03.641,1.52264,1.52294,1.15,1.50
2014.03.03 01:42:04.645,1.52264,1.52295,1.15,1.50
2014.03.03 01:42:06.591,1.52264,1.52292,1.15,1.50
2014.03.03 01:42:10.916,1.52262,1.5229,1.10,1.58
2014.03.03 01:42:11.371,1.52259,1.5229,1.58,2.14
2014.03.03 01:42:11.674,1.52262,1.52294,1.15,3.19
2014.03.03 01:42:12.176,1.52262,1.5229,1.15,1.40
2014.03.03 01:42:12.728,1.52262,1.52291,1.15,1.77
2014.03.03 01:42:13.846,1.52262,1.52292,1.58,2.14
2014.03.03 01:42:16.928,1.52262,1.5229,1.15,1.40
2014.03.03 01:42:25.293,1.52262,1.5229,1.18,1.20
2014.03.03 01:42:25.809,1.52259,1.5229,1.15,1.88
2014.03.03 01:42:26.636,1.52259,1.52289,1.18,2.63
2014.03.03 01:42:55.003,1.52258,1.52281,1.08,1.08
2014.03.03 01:42:55.205,1.5225,1.52272,1.18,1.10
2014.03.03 01:42:55.357,1.52246,1.52272,1.50,1.18
2014.03.03 01:42:55.408,1.52246,1.52272,1.00,1.15
2014.03.03 01:42:55.839,1.52244,1.5227,1.08,1.20
2014.03.03 01:43:00.760,1.52244,1.52274,1.18,1.88
2014.03.03 01:43:00.988,1.52244,1.52271,1.00,1.50
2014.03.03 01:43:01.314,1.52244,1.52274,1.15,2.63
2014.03.03 01:43:03.704,1.52246,1.52275,1.15,1.53
2014.03.03 01:43:06.559,1.52247,1.52275,1.50,1.53
2014.03.03 01:43:06.960,1.5225,1.52276,1.15,1.45
2014.03.03 01:43:07.391,1.52248,1.52276,1.58,1.55
2014.03.03 01:43:07.542,1.52248,1.52276,1.15,1.53
2014.03.03 01:43:08.047,1.52248,1.52276,1.15,1.53
2014.03.03 01:43:17.706,1.52248,1.52276,1.15,1.53
2014.03.03 01:43:30.050,1.52248,1.52276,1.15,1.53
2014.03.03 01:43:30.100,1.52248,1.52276,1.15,1.53
2014.03.03 01:43:30.261,1.52248,1.52276,1.15,1.53
2014.03.03 01:43:31.616,1.52248,1.52278,1.83,1.20
2014.03.03 01:43:31.718,1.52248,1.5228,2.25,3.83
2014.03.03 01:43:32.222,1.52248,1.5228,2.63,2.33
2014.03.03 01:43:32.814,1.52248,1.5228,2.63,2.33
2014.03.03 01:43:50.502,1.52249,1.52281,1.83,1.58
2014.03.03 01:43:50.553,1.5225,1.52281,1.50,1.15
2014.03.03 01:43:50.855,1.52259,1.52281,1.00,1.50
2014.03.03 01:43:51.057,1.52251,1.52281,1.65,1.50
2014.03.03 01:43:51.158,1.52251,1.52282,2.33,1.50
2014.03.03 01:43:51.676,1.52251,1.52283,2.33,1.50
2014.03.03 01:43:53.008,1.52251,1.52281,1.65,1.50
2014.03.03 01:43:56.524,1.5225,1.52271,1.65,1.00
2014.03.03 01:43:56.677,1.52241,1.52266,3.00,1.50
2014.03.03 01:43:56.828,1.52241,1.52268,1.00,3.75
2014.03.03 01:43:57.131,1.52249,1.52268,1.00,3.00
2014.03.03 01:43:57.232,1.52249,1.52268,1.00,1.18
2014.03.03 01:43:57.434,1.52245,1.52276,1.15,2.25
2014.03.03 01:43:57.586,1.52245,1.52276,2.25,1.15
2014.03.03 01:44:01.301,1.52248,1.52278,1.50,1.15
2014.03.03 01:44:02.824,1.52249,1.52278,1.50,1.15
2014.03.03 01:44:03.679,1.52247,1.52279,1.15,2.25
2014.03.03 01:44:04.001,1.52248,1.5228,1.50,1.15
2014.03.03 01:44:09.905,1.52251,1.5228,1.15,1.83
2014.03.03 01:44:13.378,1.52251,1.52275,1.10,1.08
2014.03.03 01:44:13.479,1.52244,1.52275,1.15,2.25
2014.03.03 01:44:13.580,1.52244,1.52275,1.15,2.25
2014.03.03 01:44:13.845,1.52244,1.52275,1.58,2.25
2014.03.03 01:44:15.236,1.52246,1.52275,1.83,1.18
2014.03.03 01:44:15.338,1.52247,1.52278,2.25,1.15
2014.03.03 01:44:18.050,1.52252,1.52274,1.00,1.15
2014.03.03 01:44:18.361,1.52252,1.52273,1.00,2.25
2014.03.03 01:44:18.412,1.52247,1.52273,1.00,2.25
2014.03.03 01:44:18.815,1.52246,1.52273,1.15,1.15
2014.03.03 01:44:24.875,1.52242,1.52263,1.00,1.95
2014.03.03 01:44:24.926,1.52235,1.52263,1.15,1.95
2014.03.03 01:44:24.977,1.52235,1.52262,1.00,1.20
2014.03.03 01:44:25.179,1.52235,1.5226,1.00,1.20
2014.03.03 01:44:25.432,1.5223,1.52258,1.15,1.15
2014.03.03 01:44:25.970,1.52231,1.52257,1.00,1.15
2014.03.03 01:44:29.097,1.52231,1.52254,1.00,1.95
2014.03.03 01:44:29.503,1.52231,1.52248,1.00,1.58
2014.03.03 01:44:29.586,1.52224,1.52248,1.00,1.58
2014.03.03 01:44:30.247,1.52224,1.52248,1.00,2.25
2014.03.03 01:44:31.061,1.52219,1.52247,1.10,1.95
2014.03.03 01:44:31.112,1.52219,1.52244,1.10,1.15
2014.03.03 01:44:31.415,1.52223,1.52244,1.00,1.15
2014.03.03 01:44:32.575,1.52219,1.52244,1.10,1.15
2014.03.03 01:44:32.734,1.52219,1.52244,1.10,2.33
2014.03.03 01:44:33.039,1.52226,1.52241,1.00,1.15
2014.03.03 01:44:33.403,1.52226,1.52238,1.00,1.15
2014.03.03 01:44:34.105,1.52219,1.52238,1.00,1.15
2014.03.03 01:44:35.433,1.5222,1.52238,1.00,1.15
2014.03.03 01:44:35.998,1.5222,1.52238,1.00,1.15
2014.03.03 01:44:36.048,1.5222,1.52238,1.00,1.83
2014.03.03 01:44:36.649,1.52219,1.52238,1.00,1.83
2014.03.03 01:44:36.700,1.52219,1.52238,1.00,1.15
2014.03.03 01:44:38.643,1.52217,1.52238,1.00,1.15
2014.03.03 01:44:39.104,1.52213,1.52238,1.10,1.15
2014.03.03 01:44:43.459,1.52215,1.52238,1.00,1.15
2014.03.03 01:44:43.792,1.52213,1.52238,1.65,1.10
2014.03.03 01:44:44.917,1.52216,1.52238,1.00,1.10
2014.03.03 01:44:45.424,1.52216,1.52238,1.00,1.18
2014.03.03 01:44:45.792,1.52216,1.52238,1.00,1.58
2014.03.03 01:44:46.143,1.52213,1.52238,1.00,1.58
2014.03.03 01:44:52.165,1.52215,1.52238,1.00,1.58
2014.03.03 01:44:52.807,1.52222,1.52238,1.00,1.58
2014.03.03 01:44:53.794,1.52221,1.52238,1.00,1.58
2014.03.03 01:44:54.564,1.52222,1.52238,1.00,1.58
2014.03.03 01:44:54.853,1.52225,1.52238,1.00,1.00
2014.03.03 01:44:55.387,1.52221,1.5224,1.00,1.00
2014.03.03 01:44:55.457,1.52219,1.5224,1.00,1.00
2014.03.03 01:45:01.528,1.52218,1.5224,1.00,1.00
2014.03.03 01:45:05.141,1.52216,1.5224,1.00,1.00
2014.03.03 01:45:05.494,1.52214,1.52239,1.00,1.00
2014.03.03 01:45:05.646,1.52214,1.52237,1.00,1.00
2014.03.03 01:45:09.332,1.52216,1.52237,1.00,1.00
2014.03.03 01:45:10.490,1.52216,1.52233,1.00,1.15
2014.03.03 01:45:11.911,1.52216,1.52233,1.00,1.83
2014.03.03 01:45:12.835,1.52212,1.52233,1.00,2.25
2014.03.03 01:45:13.604,1.52215,1.52233,1.00,2.25
2014.03.03 01:45:15.933,1.52217,1.52233,1.00,2.25
2014.03.03 01:45:16.576,1.52213,1.52233,1.00,2.25
2014.03.03 01:45:17.125,1.52217,1.52233,1.00,2.25
2014.03.03 01:45:17.382,1.52217,1.52233,1.00,1.08
2014.03.03 01:45:18.474,1.52217,1.52235,1.00,2.33
2014.03.03 01:45:19.008,1.52217,1.52232,1.00,1.15
2014.03.03 01:45:19.551,1.52218,1.52232,1.00,1.15
2014.03.03 01:45:20.319,1.52218,1.52232,1.00,1.18
2014.03.03 01:45:20.712,1.52218,1.52232,1.00,1.10
2014.03.03 01:45:21.495,1.52218,1.52236,1.00,1.15
2014.03.03 01:45:21.596,1.52222,1.52236,1.00,1.15
2014.03.03 01:45:22.176,1.52227,1.52238,1.00,1.20
2014.03.03 01:45:22.478,1.52227,1.52243,1.00,1.15
2014.03.03 01:45:23.388,1.52227,1.52243,1.00,1.15
2014.03.03 01:45:24.798,1.52227,1.52243,1.00,1.58
2014.03.03 01:45:25.365,1.52227,1.52241,1.00,1.15
2014.03.03 01:45:26.256,1.52227,1.52242,1.00,1.18
2014.03.03 01:45:27.377,1.52227,1.52242,1.00,1.00
2014.03.03 01:45:27.629,1.52227,1.52241,1.00,1.08
2014.03.03 01:45:27.680,1.52224,1.52241,1.00,1.15
2014.03.03 01:45:27.832,1.52224,1.5224,1.00,1.15
2014.03.03 01:45:28.345,1.52223,1.5224,1.00,1.15
2014.03.03 01:45:28.646,1.52227,1.5224,1.00,1.15
2014.03.03 01:45:28.798,1.52227,1.5224,1.00,1.10
2014.03.03 01:45:28.949,1.52227,1.52246,1.10,1.00
2014.03.03 01:45:29.000,1.52227,1.52246,1.18,1.00
2014.03.03 01:45:29.152,1.52223,1.52249,1.83,1.00
2014.03.03 01:45:29.699,1.52222,1.52252,3.00,1.18
2014.03.03 01:45:30.331,1.52224,1.52252,1.50,1.08
2014.03.03 01:45:30.432,1.52225,1.52252,1.50,1.00
2014.03.03 01:45:30.982,1.52226,1.52255,1.83,1.18
2014.03.03 01:45:33.524,1.52225,1.52255,1.15,1.15
2014.03.03 01:45:34.049,1.52227,1.52255,1.58,1.18
2014.03.03 01:45:43.719,1.52225,1.52255,1.50,1.18
2014.03.03 01:45:47.844,1.52225,1.52255,1.83,1.18
2014.03.03 01:45:47.946,1.52227,1.52257,1.50,1.15
2014.03.03 01:45:48.048,1.52228,1.52257,3.08,1.18
2014.03.03 01:45:48.260,1.52229,1.5226,1.50,1.15
2014.03.03 01:45:48.614,1.52229,1.5226,1.50,1.58
2014.03.03 01:45:49.068,1.52227,1.52259,2.25,1.83
2014.03.03 01:45:49.798,1.52226,1.52254,1.50,1.15
2014.03.03 01:45:51.539,1.52225,1.52254,1.50,1.15
2014.03.03 01:45:52.069,1.52224,1.52254,1.50,1.65
2014.03.03 01:45:52.833,1.52227,1.52254,1.50,1.00
2014.03.03 01:45:52.934,1.5223,1.52254,1.58,1.00
2014.03.03 01:45:53.126,1.52226,1.52254,1.15,1.18
2014.03.03 01:45:57.792,1.52227,1.52254,1.50,1.10
2014.03.03 01:45:58.095,1.52228,1.52257,1.83,1.08
2014.03.03 01:45:58.146,1.5223,1.52257,1.50,1.00
2014.03.03 01:46:00.425,1.52228,1.52257,1.83,1.18
2014.03.03 01:46:00.738,1.52225,1.52256,3.00,1.15
2014.03.03 01:46:01.314,1.52228,1.52256,1.50,1.20
2014.03.03 01:46:02.491,1.52228,1.52254,1.50,1.00
2014.03.03 01:46:03.049,1.52228,1.52253,1.50,1.00
2014.03.03 01:46:04.878,1.52228,1.52252,1.50,1.00
2014.03.03 01:46:06.645,1.52228,1.52249,1.50,1.00
2014.03.03 01:46:06.848,1.52225,1.52247,1.58,1.00
2014.03.03 01:46:07.050,1.52222,1.52247,1.83,1.10
2014.03.03 01:46:07.123,1.52222,1.52242,1.83,1.00
2014.03.03 01:46:07.186,1.5222,1.52242,2.25,1.00
2014.03.03 01:46:07.853,1.5222,1.52246,2.25,1.00
2014.03.03 01:46:11.175,1.5222,1.52242,2.25,1.00
2014.03.03 01:46:11.326,1.52219,1.52242,1.50,1.00
2014.03.03 01:46:11.964,1.52219,1.52243,1.50,1.00
2014.03.03 01:46:12.723,1.52219,1.52241,1.50,1.00
2014.03.03 01:46:12.875,1.52217,1.52241,1.58,1.00
2014.03.03 01:46:12.926,1.52216,1.52237,1.50,1.00
2014.03.03 01:46:13.179,1.52212,1.52233,1.95,1.00
2014.03.03 01:46:13.601,1.52215,1.52236,1.08,1.00
2014.03.03 01:46:13.705,1.52213,1.52236,1.50,1.00
2014.03.03 01:46:13.807,1.52212,1.52233,1.20,1.00
2014.03.03 01:46:13.857,1.5221,1.52233,2.25,1.00
2014.03.03 01:46:13.960,1.52207,1.52233,2.25,1.00
2014.03.03 01:46:14.465,1.52207,1.5223,2.25,1.00
2014.03.03 01:46:15.941,1.52207,1.5223,1.15,1.00
2014.03.03 01:46:17.626,1.52204,1.52233,1.50,1.08
2014.03.03 01:46:18.065,1.52204,1.5223,1.50,1.00
2014.03.03 01:46:18.834,1.52207,1.5223,2.33,1.00
2014.03.03 01:46:18.987,1.52211,1.52233,1.50,1.00
2014.03.03 01:46:19.089,1.52212,1.52238,1.65,1.20
2014.03.03 01:46:19.190,1.52212,1.52238,3.00,1.00
2014.03.03 01:46:19.942,1.52212,1.52239,3.00,1.00
2014.03.03 01:46:24.562,1.52212,1.52241,2.25,1.08
2014.03.03 01:46:26.460,1.52214,1.52242,2.25,1.50
2014.03.03 01:46:26.968,1.52215,1.52243,1.58,1.10
2014.03.03 01:46:27.733,1.52216,1.52242,2.25,1.00
2014.03.03 01:46:28.470,1.52218,1.52242,1.50,1.00
2014.03.03 01:46:30.967,1.52218,1.52243,1.50,1.00
2014.03.03 01:46:31.275,1.5222,1.52243,1.50,1.00
2014.03.03 01:46:33.505,1.5222,1.52249,1.50,1.15
2014.03.03 01:46:39.825,1.52219,1.52247,1.83,1.08
2014.03.03 01:46:39.926,1.52219,1.52247,1.15,1.15
