2011.11.29 05:00:00.173,1.3781,1.37838,2.25,1.50
2011.11.29 05:00:00.290,1.3781,1.37838,2.25,1.50
2011.11.29 05:00:00.531,1.37817,1.37843,2.25,1.50
2011.11.29 05:00:00.653,1.37821,1.37847,2.25,2.25
2011.11.29 05:00:00.885,1.37823,1.37851,1.50,1.50
2011.11.29 05:00:01.112,1.3782,1.37848,1.50,1.50
2011.11.29 05:00:01.463,1.3782,1.37848,2.25,1.50
2011.11.29 05:00:01.864,1.3782,1.37848,2.25,1.50
2011.11.29 05:00:02.700,1.3782,1.37848,2.25,1.50
2011.11.29 05:00:07.292,1.3782,1.37848,2.25,1.50
2011.11.29 05:00:07.540,1.3782,1.37848,2.25,1.50
2011.11.29 05:00:08.499,1.37838,1.3786,1.50,1.44
2011.11.29 05:00:08.622,1.37838,1.3786,1.50,1.44
2011.11.29 05:00:08.742,1.37838,1.37864,2.25,2.57
2011.11.29 05:00:08.863,1.37838,1.37864,2.25,1.50
2011.11.29 05:00:08.983,1.37838,1.37864,2.25,1.50
2011.11.29 05:00:09.224,1.37841,1.37867,2.25,2.94
2011.11.29 05:00:09.562,1.37845,1.37869,2.25,1.82
2011.11.29 05:00:09.913,1.37836,1.37864,2.25,1.50
2011.11.29 05:00:10.081,1.37836,1.37864,2.25,1.50
2011.11.29 05:00:10.552,1.37839,1.37867,2.25,2.25
2011.11.29 05:00:11.080,1.37839,1.37867,2.25,1.50
2011.11.29 05:00:11.682,1.37835,1.37863,2.25,1.50
2011.11.29 05:00:12.031,1.37829,1.37857,2.25,1.50
2011.11.29 05:00:12.370,1.37814,1.37842,2.85,1.50
2011.11.29 05:00:12.604,1.37826,1.37852,2.25,2.19
2011.11.29 05:00:12.720,1.37828,1.37854,2.25,1.50
2011.11.29 05:00:12.842,1.37831,1.37859,2.25,1.50
2011.11.29 05:00:12.960,1.37831,1.37859,2.25,1.50
2011.11.29 05:00:13.156,1.37834,1.37862,2.25,1.50
2011.11.29 05:00:14.360,1.37834,1.37862,2.25,1.50
2011.11.29 05:00:14.823,1.37826,1.37854,2.25,1.50
2011.11.29 05:00:15.245,1.37816,1.37842,2.25,1.50
2011.11.29 05:00:15.367,1.37816,1.37842,2.25,1.50
2011.11.29 05:00:16.053,1.37821,1.37847,2.25,1.50
2011.11.29 05:00:16.173,1.37815,1.37841,2.25,1.50
2011.11.29 05:00:16.400,1.37815,1.37841,2.25,1.50
2011.11.29 05:00:16.745,1.37801,1.37823,1.05,1.50
2011.11.29 05:00:16.863,1.37797,1.37823,2.25,1.50
2011.11.29 05:00:16.984,1.37814,1.37835,1.50,1.50
2011.11.29 05:00:17.320,1.37816,1.37836,2.25,2.25
2011.11.29 05:00:17.661,1.37799,1.37827,2.25,1.50
2011.11.29 05:00:17.785,1.37812,1.3784,1.50,2.25
2011.11.29 05:00:18.012,1.37812,1.3784,2.25,1.50
2011.11.29 05:00:18.702,1.37812,1.3784,2.25,2.25
2011.11.29 05:00:19.943,1.37812,1.3784,2.25,2.25
2011.11.29 05:00:20.291,1.37807,1.37833,2.25,1.50
2011.11.29 05:00:25.264,1.37798,1.37826,2.25,1.50
2011.11.29 05:00:25.381,1.37798,1.37826,2.25,1.50
2011.11.29 05:00:25.722,1.37793,1.3782,1.50,1.50
2011.11.29 05:00:26.888,1.37789,1.37815,2.25,1.50
2011.11.29 05:00:29.406,1.37795,1.37821,2.25,1.50
2011.11.29 05:00:29.533,1.37798,1.37824,2.25,1.50
2011.11.29 05:00:29.654,1.37798,1.37824,2.25,1.50
2011.11.29 05:00:30.101,1.378,1.37828,2.25,2.25
2011.11.29 05:00:30.563,1.37809,1.37837,2.25,2.25
2011.11.29 05:00:30.681,1.37809,1.37837,2.25,2.25
2011.11.29 05:00:32.323,1.37792,1.37816,1.50,1.50
2011.11.29 05:00:32.557,1.37787,1.37813,2.25,1.50
2011.11.29 05:00:32.935,1.3779,1.37816,2.25,1.50
2011.11.29 05:00:33.942,1.3779,1.37815,2.25,1.13
2011.11.29 05:00:34.175,1.37774,1.378,3.00,1.50
2011.11.29 05:00:34.294,1.37774,1.3779,1.50,1.50
2011.11.29 05:00:34.754,1.37767,1.37795,2.25,1.50
2011.11.29 05:00:34.875,1.37765,1.37793,2.25,1.50
2011.11.29 05:00:34.995,1.3777,1.37796,2.25,1.50
2011.11.29 05:00:35.553,1.37773,1.37799,2.25,3.00
2011.11.29 05:00:35.786,1.37774,1.37802,2.25,3.00
2011.11.29 05:00:36.119,1.37773,1.37799,2.25,2.25
2011.11.29 05:00:36.241,1.37776,1.37799,1.50,1.50
2011.11.29 05:00:36.716,1.37781,1.37807,2.25,1.50
2011.11.29 05:00:37.661,1.37781,1.37807,2.25,1.50
2011.11.29 05:00:38.109,1.37781,1.37807,2.25,1.50
2011.11.29 05:00:38.232,1.37783,1.37811,2.25,2.25
2011.11.29 05:00:38.464,1.37787,1.37813,2.25,2.25
2011.11.29 05:00:38.705,1.3779,1.37818,2.25,1.50
2011.11.29 05:00:38.827,1.3779,1.37818,3.00,1.50
2011.11.29 05:00:39.322,1.37787,1.37815,2.25,2.25
2011.11.29 05:00:39.448,1.37785,1.37813,2.25,1.50
2011.11.29 05:00:40.010,1.37788,1.37814,2.25,1.50
2011.11.29 05:00:40.857,1.37791,1.37819,2.25,1.50
2011.11.29 05:00:41.094,1.37791,1.37819,2.25,1.50
2011.11.29 05:00:42.470,1.37791,1.37819,2.25,1.50
2011.11.29 05:00:43.065,1.37809,1.37835,2.25,2.94
2011.11.29 05:00:43.193,1.37809,1.37835,2.25,1.50
2011.11.29 05:00:43.316,1.37816,1.37843,2.25,1.13
2011.11.29 05:00:43.773,1.37813,1.37841,2.25,2.25
2011.11.29 05:00:44.329,1.37811,1.37837,2.25,1.50
2011.11.29 05:00:44.963,1.37811,1.37837,2.25,1.50
2011.11.29 05:00:45.299,1.37811,1.37837,2.25,1.50
2011.11.29 05:00:47.220,1.37815,1.37841,2.25,1.50
2011.11.29 05:00:47.922,1.37812,1.3784,2.25,1.50
2011.11.29 05:00:49.472,1.37812,1.3784,2.25,1.50
2011.11.29 05:00:49.871,1.37814,1.37842,2.25,1.50
2011.11.29 05:00:50.279,1.37813,1.37839,2.25,1.50
2011.11.29 05:00:52.174,1.37813,1.37839,2.25,1.50
2011.11.29 05:00:52.758,1.37809,1.37837,2.25,1.50
2011.11.29 05:00:53.333,1.37809,1.37837,2.25,1.50
2011.11.29 05:00:53.449,1.37809,1.37837,2.25,1.50
2011.11.29 05:00:53.680,1.37809,1.37837,2.25,1.50
2011.11.29 05:00:55.080,1.37809,1.37837,2.25,1.50
2011.11.29 05:00:55.914,1.37809,1.37837,2.25,1.50
2011.11.29 05:00:56.037,1.37806,1.37834,2.25,1.50
2011.11.29 05:00:56.403,1.37799,1.37827,2.25,1.50
2011.11.29 05:00:56.523,1.37799,1.37827,2.25,2.25
2011.11.29 05:00:56.866,1.37799,1.37827,2.25,1.50
2011.11.29 05:00:57.663,1.37799,1.37827,2.25,1.50
2011.11.29 05:00:59.023,1.37801,1.37829,2.25,2.25
2011.11.29 05:00:59.551,1.37801,1.37829,2.25,1.50
2011.11.29 05:00:59.782,1.37799,1.37827,2.25,1.50
2011.11.29 05:01:00.355,1.37799,1.37827,2.25,1.50
2011.11.29 05:01:00.946,1.37802,1.37828,2.25,1.50
2011.11.29 05:01:02.184,1.37802,1.37828,2.25,1.50
2011.11.29 05:01:02.301,1.37808,1.37834,2.25,1.50
2011.11.29 05:01:02.422,1.37808,1.37834,2.25,1.50
2011.11.29 05:01:02.765,1.37802,1.3783,2.25,1.50
2011.11.29 05:01:03.651,1.378,1.37826,2.25,1.50
2011.11.29 05:01:03.771,1.378,1.37826,2.25,1.50
2011.11.29 05:01:04.003,1.37804,1.37832,2.25,2.25
2011.11.29 05:01:04.405,1.37804,1.37832,2.25,1.50
2011.11.29 05:01:09.831,1.37799,1.37825,2.25,1.50
2011.11.29 05:01:09.953,1.37799,1.37825,2.25,1.50
2011.11.29 05:01:12.730,1.37799,1.37825,2.25,1.50
2011.11.29 05:01:12.854,1.37801,1.37829,2.25,1.50
2011.11.29 05:01:13.299,1.37801,1.37829,2.25,1.50
2011.11.29 05:01:13.420,1.378,1.37826,2.25,1.50
2011.11.29 05:01:17.710,1.378,1.37826,2.25,1.50
2011.11.29 05:01:17.944,1.37802,1.3783,2.25,1.50
2011.11.29 05:01:18.064,1.37804,1.37832,2.25,1.50
2011.11.29 05:01:18.186,1.37808,1.37834,2.25,2.25
2011.11.29 05:01:18.417,1.37808,1.37834,2.25,1.50
2011.11.29 05:01:18.993,1.37808,1.37834,3.00,1.50
2011.11.29 05:01:19.114,1.37826,1.37851,1.50,1.50
2011.11.29 05:01:19.235,1.37826,1.37849,1.50,1.50
2011.11.29 05:01:19.351,1.37813,1.37839,1.50,2.25
2011.11.29 05:01:19.922,1.37809,1.37837,2.25,1.50
2011.11.29 05:01:20.797,1.37809,1.37837,2.25,2.25
2011.11.29 05:01:22.333,1.37806,1.37834,2.25,1.50
2011.11.29 05:01:22.684,1.37804,1.3783,2.25,1.50
2011.11.29 05:01:23.421,1.37808,1.37835,2.25,1.44
2011.11.29 05:01:23.542,1.37808,1.37835,2.25,1.44
2011.11.29 05:01:24.755,1.37808,1.37836,2.25,1.50
2011.11.29 05:01:25.551,1.37808,1.37836,2.25,2.94
2011.11.29 05:01:25.671,1.37808,1.37835,2.25,1.44
2011.11.29 05:01:26.054,1.37806,1.37834,2.25,2.19
2011.11.29 05:01:27.103,1.37806,1.37834,2.25,2.94
2011.11.29 05:01:27.824,1.37805,1.37831,2.25,1.50
2011.11.29 05:01:28.382,1.37809,1.37835,2.25,1.50
2011.11.29 05:01:29.321,1.37806,1.37834,2.25,1.50
2011.11.29 05:01:29.441,1.37798,1.37826,2.25,1.50
2011.11.29 05:01:29.995,1.37793,1.37819,2.25,1.50
2011.11.29 05:01:30.116,1.37796,1.37822,2.25,1.50
2011.11.29 05:01:30.341,1.37798,1.37826,2.25,2.25
2011.11.29 05:01:31.280,1.37798,1.37826,2.25,2.25
2011.11.29 05:01:31.510,1.37798,1.37826,3.00,1.50
2011.11.29 05:01:31.740,1.37806,1.37834,2.25,2.25
2011.11.29 05:01:33.995,1.37806,1.37834,2.25,1.50
2011.11.29 05:01:34.113,1.37815,1.37841,1.50,2.25
2011.11.29 05:01:34.230,1.37815,1.37841,2.25,2.25
2011.11.29 05:01:34.569,1.37811,1.37837,2.25,2.25
2011.11.29 05:01:35.621,1.37811,1.37837,2.25,2.25
2011.11.29 05:01:37.000,1.37814,1.3784,1.50,1.44
2011.11.29 05:01:37.341,1.37814,1.37842,2.25,2.25
2011.11.29 05:01:38.243,1.37818,1.37843,1.50,1.50
2011.11.29 05:01:40.899,1.37815,1.37843,2.25,3.00
2011.11.29 05:01:41.242,1.37818,1.37843,2.25,1.50
2011.11.29 05:01:42.559,1.37818,1.37844,2.25,2.25
2011.11.29 05:01:42.913,1.3782,1.37848,2.25,2.25
2011.11.29 05:01:43.552,1.37824,1.3785,1.50,2.25
2011.11.29 05:01:43.783,1.37824,1.3785,2.25,2.25
2011.11.29 05:01:44.863,1.37824,1.3785,1.50,3.00
2011.11.29 05:01:45.551,1.37829,1.37854,1.50,1.50
2011.11.29 05:01:46.133,1.37829,1.37852,1.50,1.50
2011.11.29 05:01:46.359,1.37822,1.3785,2.25,2.25
2011.11.29 05:01:46.481,1.37822,1.3785,2.25,2.25
2011.11.29 05:01:47.461,1.37822,1.3785,2.25,2.25
2011.11.29 05:01:53.428,1.37822,1.3785,2.25,2.25
2011.11.29 05:01:53.794,1.37825,1.37851,2.25,1.50
2011.11.29 05:01:54.351,1.37827,1.37854,2.25,1.50
2011.11.29 05:01:54.470,1.37827,1.37855,2.25,3.00
2011.11.29 05:01:55.117,1.37827,1.37854,2.25,1.50
2011.11.29 05:01:56.963,1.37827,1.37855,2.25,3.00
2011.11.29 05:01:57.623,1.37827,1.37855,2.25,2.25
2011.11.29 05:01:58.187,1.37827,1.37855,2.25,1.50
2011.11.29 05:01:58.429,1.3783,1.37858,2.25,3.00
2011.11.29 05:01:59.270,1.3783,1.37858,1.50,3.00
2011.11.29 05:01:59.996,1.37828,1.37854,2.25,1.50
2011.11.29 05:02:01.114,1.37828,1.37854,2.25,2.25
2011.11.29 05:02:01.247,1.3784,1.37866,2.25,1.50
2011.11.29 05:02:01.615,1.37836,1.37862,2.25,2.25
2011.11.29 05:02:01.737,1.37835,1.37861,2.25,3.00
2011.11.29 05:02:01.864,1.37832,1.37858,2.25,2.63
2011.11.29 05:02:02.224,1.37832,1.3785,1.50,1.50
2011.11.29 05:02:02.347,1.37822,1.37848,2.25,2.25
2011.11.29 05:02:02.910,1.37822,1.37848,2.25,1.50
2011.11.29 05:02:03.835,1.37822,1.37848,2.25,2.25
2011.11.29 05:02:04.721,1.37822,1.37848,2.25,1.50
2011.11.29 05:02:05.025,1.37832,1.37852,1.50,1.44
2011.11.29 05:02:05.251,1.37832,1.37856,2.25,1.50
2011.11.29 05:02:05.592,1.37829,1.37855,1.50,3.00
2011.11.29 05:02:05.711,1.37826,1.37854,2.25,2.25
2011.11.29 05:02:06.545,1.37824,1.3785,1.50,2.25
2011.11.29 05:02:06.891,1.37819,1.37847,2.25,1.50
2011.11.29 05:02:07.123,1.37819,1.37847,2.25,2.25
2011.11.29 05:02:07.570,1.37819,1.37847,2.25,2.25
2011.11.29 05:02:08.105,1.37817,1.37843,2.25,1.50
2011.11.29 05:02:09.969,1.37819,1.37845,2.25,2.25
2011.11.29 05:02:12.231,1.37819,1.37845,2.25,2.25
2011.11.29 05:02:16.822,1.37819,1.37845,2.25,2.25
2011.11.29 05:02:17.092,1.37819,1.37845,2.25,2.25
2011.11.29 05:02:17.360,1.37819,1.37845,2.25,2.25
2011.11.29 05:02:25.209,1.37819,1.37845,1.50,2.25
2011.11.29 05:02:26.331,1.37816,1.37844,2.25,2.25
2011.11.29 05:02:26.453,1.37819,1.37845,2.25,1.50
2011.11.29 05:02:26.979,1.37819,1.37845,2.25,2.25
2011.11.29 05:02:34.931,1.37819,1.37845,2.25,2.25
2011.11.29 05:02:36.121,1.37819,1.37845,2.25,1.50
2011.11.29 05:02:36.461,1.37823,1.37851,1.50,2.40
2011.11.29 05:02:36.584,1.37823,1.37851,2.25,1.80
2011.11.29 05:02:37.063,1.37823,1.37851,2.25,1.80
2011.11.29 05:02:39.394,1.37826,1.37854,2.25,1.50
2011.11.29 05:02:39.953,1.37826,1.37854,2.25,1.50
2011.11.29 05:02:40.380,1.37829,1.37855,2.25,1.50
2011.11.29 05:02:41.706,1.37832,1.37858,3.00,1.50
2011.11.29 05:02:41.822,1.37839,1.37865,1.50,2.25
2011.11.29 05:02:41.941,1.37839,1.37865,1.50,2.25
2011.11.29 05:02:42.670,1.37839,1.37865,2.25,1.50
2011.11.29 05:02:45.925,1.37844,1.3787,2.25,1.50
2011.11.29 05:02:46.155,1.37845,1.37873,2.25,2.25
2011.11.29 05:02:47.050,1.37847,1.37873,1.50,2.25
2011.11.29 05:02:47.436,1.37849,1.37875,1.50,2.25
2011.11.29 05:02:47.550,1.37849,1.37875,2.25,2.25
2011.11.29 05:02:50.352,1.37849,1.37875,2.25,2.25
2011.11.29 05:02:52.324,1.37851,1.37879,2.25,2.19
2011.11.29 05:02:52.551,1.37851,1.37879,2.25,2.25
2011.11.29 05:02:52.670,1.37848,1.37874,2.25,1.50
2011.11.29 05:02:52.790,1.37848,1.37874,2.25,1.50
2011.11.29 05:02:54.659,1.37848,1.37874,2.25,1.50
2011.11.29 05:02:55.237,1.37848,1.37874,2.25,1.50
2011.11.29 05:02:57.139,1.37848,1.37874,2.25,1.50
2011.11.29 05:02:58.320,1.37845,1.37871,3.00,1.50
2011.11.29 05:03:04.172,1.37845,1.37871,3.00,1.50
2011.11.29 05:03:06.020,1.37847,1.37875,2.25,1.50
2011.11.29 05:03:07.181,1.37847,1.37875,2.25,1.50
2011.11.29 05:03:08.331,1.37847,1.37875,2.25,1.50
2011.11.29 05:03:10.761,1.37847,1.37875,2.25,2.25
2011.11.29 05:03:11.333,1.37847,1.37875,2.25,1.50
2011.11.29 05:03:12.460,1.3785,1.37878,2.25,2.25
2011.11.29 05:03:13.644,1.37847,1.37875,2.25,2.25
2011.11.29 05:03:14.251,1.37852,1.37878,1.50,3.00
2011.11.29 05:03:14.372,1.37852,1.37878,2.25,2.25
2011.11.29 05:03:14.494,1.37852,1.37878,2.25,2.25
2011.11.29 05:03:15.602,1.37852,1.37878,1.50,2.25
2011.11.29 05:03:15.723,1.37849,1.37875,1.50,2.25
2011.11.29 05:03:15.845,1.37849,1.37875,2.25,1.50
2011.11.29 05:03:16.259,1.37852,1.37878,1.50,1.50
2011.11.29 05:03:16.383,1.37852,1.37878,2.25,1.50
2011.11.29 05:03:18.223,1.37852,1.3788,2.25,2.25
2011.11.29 05:03:18.884,1.3785,1.37878,1.50,2.25
2011.11.29 05:03:19.220,1.37852,1.3788,1.50,2.25
2011.11.29 05:03:19.340,1.37852,1.3788,2.25,2.25
2011.11.29 05:03:19.915,1.37852,1.3788,2.25,2.25
2011.11.29 05:03:20.276,1.37855,1.37883,1.50,3.00
2011.11.29 05:03:20.512,1.37855,1.37883,2.25,2.25
2011.11.29 05:03:21.454,1.37855,1.37883,2.25,2.25
2011.11.29 05:03:22.784,1.37859,1.37885,2.25,2.25
2011.11.29 05:03:23.146,1.37861,1.37889,2.25,2.25
2011.11.29 05:03:23.942,1.37865,1.37889,2.25,2.25
2011.11.29 05:03:24.306,1.37854,1.3788,2.25,1.50
2011.11.29 05:03:24.431,1.37854,1.3788,1.50,2.25
2011.11.29 05:03:24.557,1.37851,1.37877,2.25,1.50
2011.11.29 05:03:24.794,1.37845,1.37873,2.25,1.50
2011.11.29 05:03:25.296,1.37845,1.37873,2.25,1.50
2011.11.29 05:03:25.843,1.37845,1.37873,2.25,1.50
2011.11.29 05:03:25.964,1.37849,1.37877,2.25,2.25
2011.11.29 05:03:26.084,1.37849,1.37877,2.25,1.50
2011.11.29 05:03:26.323,1.37849,1.37877,2.25,1.50
2011.11.29 05:03:27.943,1.37851,1.37879,2.25,1.50
2011.11.29 05:03:28.503,1.37858,1.37884,2.25,2.25
2011.11.29 05:03:28.740,1.37858,1.37884,1.50,3.00
2011.11.29 05:03:28.859,1.37858,1.37884,1.50,3.00
2011.11.29 05:03:31.562,1.37854,1.37882,2.25,2.25
2011.11.29 05:03:31.793,1.37854,1.37882,2.25,2.25
2011.11.29 05:03:32.427,1.37854,1.37882,1.50,2.25
2011.11.29 05:03:32.664,1.3785,1.37876,1.50,2.25
2011.11.29 05:03:32.785,1.37847,1.37873,2.25,1.50
2011.11.29 05:03:33.345,1.37843,1.37871,2.25,1.50
2011.11.29 05:03:33.464,1.37843,1.37871,2.25,2.25
2011.11.29 05:03:33.802,1.37842,1.37868,1.50,2.25
2011.11.29 05:03:34.457,1.3784,1.37868,2.25,2.25
2011.11.29 05:03:34.583,1.3784,1.37868,1.50,2.25
2011.11.29 05:03:35.162,1.3784,1.37868,1.50,2.25
2011.11.29 05:03:36.663,1.3784,1.37863,1.50,2.25
2011.11.29 05:03:36.783,1.37829,1.37857,2.25,2.25
2011.11.29 05:03:37.015,1.37839,1.37861,1.50,1.13
2011.11.29 05:03:37.244,1.37839,1.37865,1.50,2.25
2011.11.29 05:03:37.824,1.37836,1.37863,2.25,1.50
2011.11.29 05:03:38.445,1.37836,1.37864,2.25,3.00
2011.11.29 05:03:39.050,1.37839,1.37864,2.25,1.50
2011.11.29 05:03:40.401,1.37839,1.37865,1.50,2.25
2011.11.29 05:03:40.629,1.37839,1.37865,1.50,2.25
2011.11.29 05:03:41.190,1.37839,1.37865,2.25,2.25
2011.11.29 05:03:41.890,1.37842,1.37868,1.50,2.25
2011.11.29 05:03:42.574,1.37842,1.37868,2.25,2.25
2011.11.29 05:03:43.567,1.37842,1.37868,2.25,1.50
2011.11.29 05:03:43.698,1.37846,1.37874,2.25,2.40
2011.11.29 05:03:44.271,1.37846,1.37874,2.25,2.25
2011.11.29 05:03:44.612,1.37846,1.37874,2.25,1.50
2011.11.29 05:03:45.063,1.37848,1.37876,2.25,2.25
2011.11.29 05:03:45.292,1.37848,1.37876,2.25,1.50
2011.11.29 05:03:47.390,1.37848,1.37876,2.25,1.50
2011.11.29 05:03:47.510,1.37848,1.37876,2.25,1.50
2011.11.29 05:03:47.850,1.37848,1.37876,2.25,1.50
2011.11.29 05:03:48.091,1.37848,1.37876,2.25,2.25
2011.11.29 05:03:48.319,1.37848,1.37876,2.25,3.00
2011.11.29 05:03:48.870,1.37848,1.37875,2.25,1.50
2011.11.29 05:03:49.644,1.37848,1.37876,2.25,3.00
2011.11.29 05:03:50.347,1.37848,1.37875,2.25,1.50
2011.11.29 05:03:50.844,1.37848,1.37875,2.25,2.18
2011.11.29 05:03:51.072,1.3784,1.37868,2.25,2.25
2011.11.29 05:03:51.300,1.3784,1.37868,2.25,2.25
2011.11.29 05:03:51.904,1.3784,1.37868,2.25,2.25
2011.11.29 05:03:53.433,1.3784,1.37868,2.25,2.25
2011.11.29 05:03:55.179,1.3784,1.37868,2.25,2.25
2011.11.29 05:03:56.794,1.37838,1.37864,1.50,2.25
2011.11.29 05:03:56.914,1.37838,1.37864,2.25,1.50
2011.11.29 05:03:59.750,1.37841,1.37867,1.50,2.25
2011.11.29 05:04:00.201,1.37841,1.37867,2.25,2.25
2011.11.29 05:04:00.655,1.37837,1.37863,2.25,1.50
2011.11.29 05:04:03.863,1.37837,1.37863,2.25,1.50
2011.11.29 05:04:06.193,1.37837,1.37863,2.25,1.50
2011.11.29 05:04:06.639,1.37839,1.37865,2.25,1.50
2011.11.29 05:04:06.761,1.37833,1.37859,2.25,1.50
2011.11.29 05:04:07.753,1.37833,1.37859,1.50,2.25
2011.11.29 05:04:07.878,1.3783,1.37856,2.25,2.25
2011.11.29 05:04:08.112,1.37832,1.37858,2.25,1.50
2011.11.29 05:04:08.792,1.37832,1.37858,2.25,1.50
2011.11.29 05:04:09.024,1.37842,1.37865,2.25,1.13
2011.11.29 05:04:09.144,1.37846,1.37869,1.50,1.44
2011.11.29 05:04:09.386,1.3784,1.37868,2.25,2.25
2011.11.29 05:04:10.264,1.3784,1.37868,2.25,2.25
2011.11.29 05:04:11.971,1.3784,1.37868,1.50,2.25
2011.11.29 05:04:12.093,1.37833,1.37861,3.00,1.50
2011.11.29 05:04:13.352,1.37833,1.37861,2.25,2.25
2011.11.29 05:04:18.500,1.37833,1.37861,2.25,1.50
2011.11.29 05:04:19.073,1.37833,1.37861,2.25,2.25
2011.11.29 05:04:20.956,1.37828,1.37856,2.25,2.25
2011.11.29 05:04:21.071,1.37826,1.37854,2.25,1.50
2011.11.29 05:04:21.636,1.37826,1.37854,2.25,1.50
2011.11.29 05:04:26.795,1.37821,1.37849,2.25,1.50
2011.11.29 05:04:27.022,1.37821,1.37849,2.25,2.25
2011.11.29 05:04:27.616,1.37821,1.37849,2.25,2.25
2011.11.29 05:04:31.499,1.37821,1.37849,2.25,1.50
2011.11.29 05:04:31.746,1.37825,1.37851,2.25,1.50
2011.11.29 05:04:31.865,1.37828,1.37854,1.50,2.25
2011.11.29 05:04:32.293,1.37828,1.37854,2.25,1.50
2011.11.29 05:04:32.861,1.37831,1.37857,2.25,2.25
2011.11.29 05:04:33.992,1.37826,1.37852,2.25,1.50
2011.11.29 05:04:34.234,1.37826,1.37852,2.25,1.50
2011.11.29 05:04:35.341,1.37826,1.37852,2.25,2.25
2011.11.29 05:04:36.647,1.37828,1.37854,1.50,2.25
2011.11.29 05:04:37.232,1.37828,1.37854,2.25,1.50
2011.11.29 05:04:38.082,1.37828,1.37854,2.25,1.50
2011.11.29 05:04:40.870,1.37826,1.37852,2.25,1.50
2011.11.29 05:04:43.545,1.37839,1.37865,2.25,1.50
2011.11.29 05:04:43.771,1.37839,1.37865,1.50,2.25
2011.11.29 05:04:43.895,1.37835,1.37863,2.25,2.25
2011.11.29 05:04:44.016,1.37835,1.37863,2.25,2.25
2011.11.29 05:04:44.371,1.37832,1.3786,2.25,1.50
2011.11.29 05:04:44.990,1.37835,1.37861,2.25,1.50
2011.11.29 05:04:45.340,1.37838,1.37864,2.25,2.25
2011.11.29 05:04:47.299,1.37838,1.37864,2.25,1.50
2011.11.29 05:04:48.173,1.37838,1.37864,2.25,1.50
2011.11.29 05:04:49.420,1.37838,1.37864,2.25,1.50
2011.11.29 05:04:51.426,1.37846,1.37872,2.25,2.25
2011.11.29 05:04:51.548,1.37843,1.37869,2.25,1.50
2011.11.29 05:04:51.672,1.37845,1.37871,2.25,1.50
2011.11.29 05:04:51.902,1.37842,1.3787,2.25,2.25
2011.11.29 05:04:52.137,1.37842,1.3787,2.25,2.25
2011.11.29 05:04:52.383,1.37842,1.3787,1.50,2.25
2011.11.29 05:04:54.115,1.3784,1.37866,1.50,2.25
2011.11.29 05:04:54.695,1.3784,1.37866,2.25,1.50
2011.11.29 05:04:54.933,1.37836,1.37864,2.25,1.50
2011.11.29 05:04:56.481,1.37836,1.37864,2.25,2.25
2011.11.29 05:04:57.841,1.37836,1.37864,2.25,1.50
2011.11.29 05:04:58.071,1.37838,1.37866,2.25,1.50
2011.11.29 05:04:58.196,1.37843,1.37871,1.50,3.00
2011.11.29 05:04:59.184,1.37843,1.37871,2.25,3.00
2011.11.29 05:04:59.653,1.37843,1.37871,2.25,2.25
2011.11.29 05:05:00.042,1.37841,1.37867,2.25,1.50
2011.11.29 05:05:01.470,1.37837,1.37863,2.25,1.50
2011.11.29 05:05:02.071,1.37837,1.37863,2.25,1.50
2011.11.29 05:05:02.412,1.37834,1.3786,2.25,1.50
2011.11.29 05:05:02.644,1.37835,1.37863,2.25,1.50
2011.11.29 05:05:04.373,1.37835,1.37863,2.25,1.50
2011.11.29 05:05:04.491,1.37838,1.37866,2.25,2.25
2011.11.29 05:05:05.272,1.37843,1.37869,1.50,2.25
2011.11.29 05:05:05.390,1.37843,1.37869,2.25,1.50
2011.11.29 05:05:06.822,1.3784,1.37866,2.25,1.50
2011.11.29 05:05:07.159,1.3784,1.37866,2.25,1.50
2011.11.29 05:05:07.988,1.3784,1.37866,2.25,2.25
2011.11.29 05:05:08.109,1.37837,1.37863,2.25,1.50
2011.11.29 05:05:08.721,1.37837,1.37863,2.25,2.25
2011.11.29 05:05:12.572,1.3784,1.37866,2.25,1.50
2011.11.29 05:05:12.693,1.37842,1.37868,2.25,2.25
2011.11.29 05:05:12.932,1.37844,1.37872,2.25,2.25
2011.11.29 05:05:13.519,1.37847,1.37875,1.50,2.25
2011.11.29 05:05:13.645,1.37847,1.37875,2.25,1.50
2011.11.29 05:05:14.182,1.37844,1.37872,2.25,1.50
2011.11.29 05:05:14.527,1.37842,1.3787,2.25,1.50
2011.11.29 05:05:14.657,1.37837,1.37863,2.25,1.50
2011.11.29 05:05:15.013,1.37837,1.37863,1.50,2.25
2011.11.29 05:05:15.574,1.37838,1.37866,2.25,2.25
2011.11.29 05:05:15.801,1.37841,1.37869,2.25,1.50
2011.11.29 05:05:16.091,1.37845,1.37871,2.25,2.25
2011.11.29 05:05:16.483,1.37839,1.37867,2.25,1.50
2011.11.29 05:05:16.995,1.37844,1.37872,2.25,2.25
2011.11.29 05:05:17.446,1.37843,1.37869,2.25,2.25
2011.11.29 05:05:18.124,1.37846,1.37872,1.50,1.50
2011.11.29 05:05:19.613,1.37843,1.37871,2.25,2.25
2011.11.29 05:05:20.048,1.3784,1.37868,2.25,1.50
2011.11.29 05:05:20.525,1.3784,1.37868,2.25,2.25
2011.11.29 05:05:21.850,1.3784,1.37868,1.50,2.25
2011.11.29 05:05:22.411,1.37837,1.37865,2.25,2.25
2011.11.29 05:05:22.932,1.37837,1.37865,2.25,1.50
2011.11.29 05:05:23.821,1.37837,1.37865,2.25,1.50
2011.11.29 05:05:24.976,1.37837,1.37865,2.25,2.25
2011.11.29 05:05:25.553,1.37837,1.37865,2.25,2.25
2011.11.29 05:05:25.671,1.37837,1.37865,2.25,1.50
2011.11.29 05:05:27.590,1.37841,1.37867,2.25,1.50
2011.11.29 05:05:29.241,1.37841,1.37867,2.25,1.50
2011.11.29 05:05:29.872,1.37841,1.37867,2.25,1.50
2011.11.29 05:05:29.999,1.37841,1.37867,2.25,1.50
2011.11.29 05:05:31.286,1.37837,1.37865,2.25,1.50
2011.11.29 05:05:31.404,1.37837,1.37865,2.25,1.50
2011.11.29 05:05:31.526,1.37837,1.37865,2.25,1.50
2011.11.29 05:05:31.886,1.37837,1.37865,2.25,1.50
2011.11.29 05:05:33.664,1.37837,1.37865,2.25,1.50
2011.11.29 05:05:34.501,1.37841,1.37867,2.25,1.50
2011.11.29 05:05:35.558,1.37841,1.37867,2.25,1.50
2011.11.29 05:05:35.860,1.37841,1.37867,2.25,1.50
2011.11.29 05:05:36.204,1.37837,1.37865,2.25,1.50
2011.11.29 05:05:36.540,1.37834,1.37862,2.25,1.50
2011.11.29 05:05:37.731,1.37834,1.37862,2.25,1.50
2011.11.29 05:05:37.851,1.37837,1.37865,2.25,1.50
2011.11.29 05:05:37.971,1.37837,1.37865,2.25,1.50
2011.11.29 05:05:38.537,1.37846,1.37872,2.25,3.00
2011.11.29 05:05:38.784,1.37846,1.37872,2.25,1.50
2011.11.29 05:05:39.121,1.37846,1.37872,2.25,1.50
2011.11.29 05:05:39.460,1.37843,1.37869,2.25,1.50
2011.11.29 05:05:41.732,1.37844,1.37872,2.25,1.50
2011.11.29 05:05:43.919,1.37843,1.37869,2.25,1.50
2011.11.29 05:05:44.292,1.37843,1.37869,2.25,2.25
2011.11.29 05:05:44.640,1.37845,1.37871,2.25,1.50
2011.11.29 05:05:49.650,1.37843,1.37869,2.25,1.50
2011.11.29 05:05:51.860,1.37851,1.37879,2.25,2.25
2011.11.29 05:05:52.092,1.37851,1.37879,2.25,2.25
2011.11.29 05:05:55.092,1.37851,1.37879,2.25,1.50
2011.11.29 05:05:55.430,1.37851,1.37879,2.25,1.50
2011.11.29 05:05:57.429,1.37851,1.37879,2.25,1.50
2011.11.29 05:06:01.492,1.37851,1.37879,2.25,1.50
2011.11.29 05:06:02.241,1.37851,1.37879,2.25,2.25
2011.11.29 05:06:03.665,1.37851,1.37879,2.25,3.00
2011.11.29 05:06:05.145,1.37851,1.37879,2.25,1.50
2011.11.29 05:06:06.069,1.37851,1.37879,2.25,2.25
2011.11.29 05:06:06.542,1.37851,1.37879,2.25,1.50
2011.11.29 05:06:07.385,1.37847,1.37875,2.25,1.50
2011.11.29 05:06:07.612,1.37847,1.37875,2.25,1.50
2011.11.29 05:06:09.252,1.37847,1.37875,2.25,1.50
2011.11.29 05:06:09.811,1.37847,1.37875,2.25,1.50
2011.11.29 05:06:10.041,1.37853,1.37879,2.25,2.25
2011.11.29 05:06:10.281,1.37858,1.3788,1.50,1.50
2011.11.29 05:06:10.522,1.37856,1.37884,2.25,3.00
2011.11.29 05:06:12.930,1.37856,1.37884,2.25,3.00
2011.11.29 05:06:13.820,1.37853,1.37881,2.25,1.50
2011.11.29 05:06:15.044,1.37853,1.37881,2.25,1.50
2011.11.29 05:06:15.713,1.37856,1.37882,2.25,1.50
2011.11.29 05:06:16.121,1.37854,1.3788,2.25,1.50
2011.11.29 05:06:16.350,1.37854,1.3788,2.25,1.50
2011.11.29 05:06:16.882,1.37851,1.37877,2.25,1.50
2011.11.29 05:06:17.809,1.37847,1.37873,2.25,1.50
2011.11.29 05:06:18.592,1.37849,1.37875,2.25,1.50
2011.11.29 05:06:18.711,1.37849,1.37875,2.25,1.50
2011.11.29 05:06:19.077,1.37853,1.37881,2.25,2.25
2011.11.29 05:06:19.214,1.37854,1.3788,2.25,1.50
2011.11.29 05:06:19.770,1.37851,1.37877,2.25,1.50
2011.11.29 05:06:22.345,1.37851,1.37877,2.25,1.50
2011.11.29 05:06:23.743,1.37851,1.37877,2.25,1.50
2011.11.29 05:06:23.864,1.37848,1.37874,2.25,1.50
2011.11.29 05:06:24.398,1.37845,1.37871,3.00,1.50
2011.11.29 05:06:24.962,1.37847,1.37875,2.25,1.50
2011.11.29 05:06:25.414,1.37852,1.37878,2.25,1.50
2011.11.29 05:06:25.645,1.37852,1.37878,2.25,1.50
2011.11.29 05:06:25.766,1.37857,1.37883,2.25,2.25
2011.11.29 05:06:26.321,1.37857,1.37883,2.25,1.50
2011.11.29 05:06:27.172,1.37854,1.3788,2.25,1.50
2011.11.29 05:06:27.731,1.37854,1.3788,2.25,1.50
2011.11.29 05:06:28.386,1.3785,1.37878,2.25,1.50
2011.11.29 05:06:28.834,1.3785,1.37878,2.25,1.50
2011.11.29 05:06:28.953,1.37847,1.37873,2.25,1.50
2011.11.29 05:06:29.632,1.37847,1.37873,2.25,1.50
2011.11.29 05:06:33.640,1.37844,1.37872,2.25,1.50
2011.11.29 05:06:33.763,1.37844,1.37872,2.25,1.50
2011.11.29 05:06:34.572,1.37844,1.37872,2.25,1.50
2011.11.29 05:06:35.399,1.37844,1.37872,2.25,1.50
2011.11.29 05:06:35.521,1.37843,1.37869,2.25,1.50
2011.11.29 05:06:37.440,1.37844,1.37872,2.25,1.50
2011.11.29 05:06:38.367,1.37844,1.37872,2.25,1.50
2011.11.29 05:06:38.790,1.37843,1.37869,2.25,1.50
2011.11.29 05:06:39.153,1.37844,1.37872,2.25,1.50
2011.11.29 05:06:39.742,1.37842,1.3787,2.25,1.50
2011.11.29 05:06:40.457,1.37842,1.3787,2.25,1.50
2011.11.29 05:06:42.881,1.37838,1.37866,2.25,1.50
2011.11.29 05:06:43.003,1.37842,1.37868,2.25,1.50
2011.11.29 05:06:43.243,1.37839,1.37867,2.25,1.50
2011.11.29 05:06:47.354,1.37842,1.37868,2.25,1.50
2011.11.29 05:06:48.384,1.37842,1.37868,2.25,1.50
2011.11.29 05:06:48.721,1.37835,1.3786,1.50,1.50
2011.11.29 05:06:48.842,1.37842,1.37868,2.25,1.50
2011.11.29 05:06:52.211,1.37844,1.37872,2.25,1.50
2011.11.29 05:06:52.911,1.37842,1.3787,2.25,1.50
2011.11.29 05:06:53.250,1.3784,1.37866,2.25,1.50
2011.11.29 05:06:56.781,1.37841,1.37869,2.25,1.50
2011.11.29 05:06:59.113,1.37845,1.37871,2.25,1.50
2011.11.29 05:06:59.231,1.37845,1.37871,2.25,1.50
2011.11.29 05:06:59.355,1.37847,1.37875,2.25,1.50
2011.11.29 05:06:59.477,1.37847,1.37875,2.25,1.50
2011.11.29 05:06:59.603,1.37851,1.37877,2.25,1.50
2011.11.29 05:07:00.565,1.37843,1.37869,2.25,1.50
2011.11.29 05:07:00.904,1.37838,1.37864,2.25,1.50
2011.11.29 05:07:01.745,1.37848,1.37874,2.25,1.50
2011.11.29 05:07:02.293,1.37843,1.37869,2.25,1.50
2011.11.29 05:07:03.422,1.37844,1.37872,2.25,1.50
2011.11.29 05:07:04.409,1.37844,1.37872,2.25,1.50
2011.11.29 05:07:05.010,1.37842,1.3787,2.25,1.50
2011.11.29 05:07:06.019,1.37842,1.3787,2.25,1.50
2011.11.29 05:07:06.154,1.37837,1.37865,2.25,1.50
2011.11.29 05:07:07.136,1.37837,1.37865,2.25,1.50
2011.11.29 05:07:07.823,1.37842,1.37868,2.25,1.50
2011.11.29 05:07:08.163,1.37842,1.37868,2.25,1.50
2011.11.29 05:07:10.489,1.37842,1.37868,2.25,1.50
2011.11.29 05:07:11.752,1.37842,1.37868,2.25,1.50
2011.11.29 05:07:12.171,1.37845,1.37871,2.25,1.50
2011.11.29 05:07:13.082,1.37845,1.37871,2.25,1.50
2011.11.29 05:07:14.251,1.3784,1.37866,2.25,1.50
2011.11.29 05:07:16.285,1.37836,1.37862,2.25,1.50
2011.11.29 05:07:16.404,1.37839,1.37867,2.25,1.50
2011.11.29 05:07:16.901,1.37845,1.37871,2.25,1.50
2011.11.29 05:07:17.130,1.37845,1.37871,2.25,1.50
2011.11.29 05:07:17.651,1.37845,1.37871,2.25,1.50
2011.11.29 05:07:19.135,1.37845,1.37871,2.25,1.50
2011.11.29 05:07:20.390,1.37845,1.37871,2.25,1.50
2011.11.29 05:07:20.733,1.37846,1.37871,1.50,1.50
2011.11.29 05:07:20.854,1.3785,1.37876,2.25,1.50
2011.11.29 05:07:23.744,1.3785,1.37876,2.25,1.50
2011.11.29 05:07:27.552,1.3785,1.37876,2.25,2.25
2011.11.29 05:07:32.492,1.37846,1.37873,1.50,1.50
2011.11.29 05:07:33.465,1.37846,1.37873,1.50,1.50
2011.11.29 05:07:34.095,1.3785,1.37878,2.25,2.25
2011.11.29 05:07:36.341,1.3785,1.37878,1.50,2.25
2011.11.29 05:07:36.682,1.37833,1.37859,2.25,1.50
2011.11.29 05:07:37.243,1.37833,1.37859,2.25,1.50
2011.11.29 05:07:40.160,1.37833,1.37859,2.25,1.50
2011.11.29 05:07:41.526,1.37837,1.37865,2.25,1.50
2011.11.29 05:07:41.755,1.37841,1.37869,2.25,1.50
2011.11.29 05:07:42.093,1.37841,1.37869,2.25,1.50
2011.11.29 05:07:42.651,1.37841,1.37869,2.25,1.50
2011.11.29 05:07:43.157,1.37841,1.37869,2.25,1.50
2011.11.29 05:07:43.284,1.37839,1.37865,2.25,1.50
2011.11.29 05:07:43.407,1.37844,1.3787,2.25,1.50
2011.11.29 05:07:44.059,1.37844,1.3787,2.25,1.50
2011.11.29 05:07:44.507,1.37839,1.37867,2.25,1.50
2011.11.29 05:07:45.724,1.37842,1.3787,2.25,1.50
2011.11.29 05:07:45.952,1.37842,1.3787,2.25,1.50
2011.11.29 05:07:48.142,1.37842,1.3787,2.25,1.50
2011.11.29 05:07:58.347,1.37845,1.37871,2.25,1.50
2011.11.29 05:08:03.033,1.37843,1.37869,2.25,1.50
2011.11.29 05:08:03.480,1.37845,1.37871,2.25,1.50
2011.11.29 05:08:04.861,1.37845,1.37871,2.25,1.50
2011.11.29 05:08:05.435,1.37847,1.37875,2.25,1.50
2011.11.29 05:08:05.552,1.37858,1.37886,1.50,2.25
2011.11.29 05:08:05.675,1.37858,1.37886,2.25,1.50
2011.11.29 05:08:05.916,1.37868,1.37894,2.25,1.50
2011.11.29 05:08:06.264,1.37864,1.37892,2.25,1.50
2011.11.29 05:08:08.440,1.37864,1.37892,2.25,1.50
2011.11.29 05:08:09.322,1.37864,1.37892,2.25,1.50
2011.11.29 05:08:09.551,1.37864,1.37892,2.25,2.25
2011.11.29 05:08:10.442,1.37867,1.37895,2.25,2.25
2011.11.29 05:08:11.831,1.37867,1.37895,2.25,2.25
2011.11.29 05:08:15.781,1.37872,1.379,1.50,2.25
2011.11.29 05:08:16.137,1.37868,1.37896,2.25,1.50
2011.11.29 05:08:16.261,1.37868,1.37896,2.25,2.25
2011.11.29 05:08:17.549,1.37868,1.37896,2.25,2.25
2011.11.29 05:08:20.990,1.37873,1.37899,2.25,1.50
2011.11.29 05:08:21.580,1.3787,1.37898,2.25,1.50
2011.11.29 05:08:22.846,1.3787,1.37898,2.25,2.25
2011.11.29 05:08:29.982,1.37866,1.37892,2.25,1.50
2011.11.29 05:08:30.223,1.37863,1.37891,2.25,2.25
2011.11.29 05:08:30.911,1.37868,1.37896,2.25,1.50
2011.11.29 05:08:31.264,1.37875,1.37901,2.25,1.50
2011.11.29 05:08:31.600,1.37875,1.37903,2.25,1.50
2011.11.29 05:08:39.311,1.37875,1.37903,2.25,1.50
2011.11.29 05:08:42.851,1.37872,1.379,2.25,1.50
2011.11.29 05:08:43.590,1.37872,1.379,2.25,1.50
2011.11.29 05:08:48.976,1.37872,1.379,2.25,3.00
2011.11.29 05:08:49.311,1.37867,1.37893,1.50,1.50
2011.11.29 05:08:54.150,1.37867,1.37893,1.50,1.50
2011.11.29 05:08:56.921,1.37867,1.37893,1.50,1.50
2011.11.29 05:08:59.508,1.37867,1.37893,1.50,1.50
2011.11.29 05:08:59.636,1.37872,1.37898,2.25,1.50
2011.11.29 05:08:59.755,1.37872,1.37898,2.25,1.50
2011.11.29 05:09:00.096,1.37875,1.37903,2.25,1.50
2011.11.29 05:09:00.881,1.37875,1.37903,2.25,2.25
2011.11.29 05:09:01.468,1.37873,1.37901,2.25,1.50
2011.11.29 05:09:01.926,1.37873,1.37901,2.25,2.25
2011.11.29 05:09:03.302,1.37873,1.37901,2.25,2.25
2011.11.29 05:09:11.695,1.3787,1.37896,2.25,1.50
2011.11.29 05:09:11.935,1.37867,1.37895,3.00,2.25
2011.11.29 05:09:12.555,1.37867,1.37895,3.00,2.25
2011.11.29 05:09:13.206,1.37867,1.37895,2.25,1.50
2011.11.29 05:09:13.445,1.37859,1.37887,2.25,2.25
2011.11.29 05:09:16.465,1.37862,1.37888,2.25,1.50
2011.11.29 05:09:16.823,1.37865,1.37891,2.25,1.50
2011.11.29 05:09:18.763,1.37869,1.37895,2.25,2.25
2011.11.29 05:09:19.377,1.37869,1.37895,2.25,1.50
2011.11.29 05:09:21.738,1.37869,1.37895,2.25,1.50
2011.11.29 05:09:23.733,1.37866,1.37894,2.25,1.50
2011.11.29 05:09:27.502,1.3787,1.37896,2.25,1.50
2011.11.29 05:09:27.624,1.37866,1.37894,2.25,1.50
2011.11.29 05:09:28.012,1.37866,1.37894,2.25,1.50
2011.11.29 05:09:28.411,1.37866,1.37894,2.25,1.50
2011.11.29 05:09:28.530,1.3787,1.37898,2.25,2.25
2011.11.29 05:09:29.585,1.37868,1.37894,2.25,1.50
2011.11.29 05:09:29.704,1.37868,1.37894,2.25,2.25
2011.11.29 05:09:30.047,1.37868,1.37894,1.50,2.25
2011.11.29 05:09:30.491,1.37864,1.3789,3.00,1.50
2011.11.29 05:09:31.203,1.37864,1.3789,3.00,2.25
2011.11.29 05:09:32.698,1.37864,1.3789,1.50,2.25
2011.11.29 05:09:32.824,1.37861,1.37887,2.25,2.25
2011.11.29 05:09:33.059,1.37865,1.37891,2.25,2.25
2011.11.29 05:09:33.424,1.37871,1.37899,1.50,2.25
2011.11.29 05:09:37.152,1.37871,1.37899,2.25,2.25
2011.11.29 05:09:37.690,1.37871,1.37899,2.25,2.25
2011.11.29 05:09:38.073,1.37874,1.37901,1.50,1.50
2011.11.29 05:09:38.196,1.37874,1.37902,2.25,2.25
2011.11.29 05:09:39.344,1.37872,1.37898,2.25,1.50
2011.11.29 05:09:39.460,1.37872,1.37898,2.25,1.50
2011.11.29 05:09:40.493,1.37872,1.37898,2.25,1.50
2011.11.29 05:09:40.615,1.37872,1.37898,2.25,1.50
2011.11.29 05:09:41.814,1.37872,1.37898,2.25,1.50
2011.11.29 05:09:43.531,1.37872,1.37898,2.25,1.50
2011.11.29 05:09:44.345,1.37872,1.37898,2.25,1.50
2011.11.29 05:09:45.822,1.37872,1.37898,2.25,1.50
2011.11.29 05:09:47.422,1.37872,1.37898,2.25,1.50
2011.11.29 05:09:47.542,1.37875,1.37901,2.25,1.50
2011.11.29 05:09:47.662,1.37875,1.37901,2.25,1.50
2011.11.29 05:09:47.892,1.37875,1.37901,2.25,1.50
2011.11.29 05:09:51.858,1.37878,1.37904,2.25,2.25
2011.11.29 05:09:54.196,1.37878,1.37904,2.25,2.25
2011.11.29 05:09:59.523,1.37878,1.37904,2.25,1.50
2011.11.29 05:10:00.461,1.37878,1.37904,2.25,2.25
2011.11.29 05:10:02.334,1.37878,1.37904,1.50,2.25
2011.11.29 05:10:05.293,1.37878,1.37904,1.50,2.25
2011.11.29 05:10:05.849,1.37878,1.37904,1.50,2.25
2011.11.29 05:10:08.515,1.37878,1.37904,2.25,2.25
2011.11.29 05:10:09.039,1.37878,1.37904,2.25,2.25
2011.11.29 05:10:09.617,1.37879,1.37907,2.25,2.25
2011.11.29 05:10:09.952,1.37882,1.3791,2.25,1.50
2011.11.29 05:10:10.515,1.3788,1.37908,2.25,1.50
2011.11.29 05:10:11.016,1.3788,1.37908,2.25,1.50
2011.11.29 05:10:13.261,1.3788,1.37908,2.25,1.50
2011.11.29 05:10:13.381,1.37887,1.37913,2.25,1.50
2011.11.29 05:10:16.689,1.37887,1.37913,2.25,1.50
2011.11.29 05:10:22.287,1.37887,1.37913,2.25,3.00
2011.11.29 05:10:22.405,1.37887,1.37912,1.50,1.50
2011.11.29 05:10:22.647,1.37879,1.37907,2.25,3.00
2011.11.29 05:10:22.765,1.37878,1.37904,2.25,2.25
2011.11.29 05:10:23.142,1.37873,1.37899,2.25,1.50
2011.11.29 05:10:23.273,1.37866,1.37894,2.25,2.25
2011.11.29 05:10:25.483,1.37868,1.37896,2.25,1.50
2011.11.29 05:10:25.824,1.37868,1.37896,2.25,1.50
2011.11.29 05:10:26.057,1.37867,1.37893,2.25,1.50
2011.11.29 05:10:28.055,1.37868,1.37896,2.25,2.25
2011.11.29 05:10:28.618,1.37868,1.37896,2.25,2.25
2011.11.29 05:10:28.752,1.37872,1.37898,2.25,2.25
2011.11.29 05:10:28.875,1.37875,1.37901,1.50,2.25
2011.11.29 05:10:29.613,1.37875,1.37901,2.25,2.25
2011.11.29 05:10:33.530,1.37875,1.37901,1.50,2.25
2011.11.29 05:10:34.178,1.3787,1.37898,2.25,2.25
2011.11.29 05:10:34.421,1.37876,1.37902,2.25,1.50
2011.11.29 05:10:34.548,1.37873,1.37901,2.25,2.25
2011.11.29 05:10:34.788,1.37873,1.37901,2.25,2.25
2011.11.29 05:10:46.614,1.37873,1.37901,2.25,2.25
2011.11.29 05:10:47.020,1.37876,1.37902,1.50,2.25
2011.11.29 05:10:47.819,1.37876,1.37902,2.25,1.50
2011.11.29 05:10:47.948,1.37872,1.379,2.25,1.50
2011.11.29 05:10:48.065,1.37869,1.37895,1.50,2.25
2011.11.29 05:10:50.896,1.37869,1.37895,1.50,2.25
2011.11.29 05:10:52.644,1.37872,1.379,1.50,2.25
2011.11.29 05:10:52.763,1.37872,1.379,1.50,2.25
2011.11.29 05:10:53.404,1.3787,1.37898,1.50,2.25
2011.11.29 05:10:53.999,1.37863,1.37891,2.25,1.50
2011.11.29 05:10:54.719,1.37863,1.37891,2.25,2.25
2011.11.29 05:10:54.853,1.37869,1.37895,2.25,2.25
2011.11.29 05:10:55.094,1.37875,1.37903,2.25,2.25
2011.11.29 05:10:55.533,1.37875,1.37903,2.25,2.25
2011.11.29 05:10:57.291,1.37873,1.37901,2.25,2.25
2011.11.29 05:10:57.914,1.37873,1.37901,2.25,2.25
2011.11.29 05:10:58.602,1.37873,1.37901,2.25,2.25
2011.11.29 05:10:59.113,1.37873,1.37901,2.25,2.25
2011.11.29 05:11:00.372,1.37873,1.37901,2.25,2.25
2011.11.29 05:11:03.244,1.37873,1.37901,2.25,2.25
2011.11.29 05:11:03.689,1.37875,1.37903,1.50,2.25
2011.11.29 05:11:04.818,1.37874,1.379,1.50,2.25
2011.11.29 05:11:05.846,1.37876,1.37902,1.50,2.25
2011.11.29 05:11:06.481,1.37873,1.37901,2.25,2.25
2011.11.29 05:11:09.580,1.37875,1.37903,2.25,2.25
2011.11.29 05:11:09.812,1.37881,1.37909,1.50,2.25
2011.11.29 05:11:09.934,1.37881,1.37904,1.50,1.50
2011.11.29 05:11:10.052,1.37876,1.37904,2.25,3.00
2011.11.29 05:11:10.172,1.37876,1.37904,1.50,3.00
2011.11.29 05:11:10.548,1.37874,1.379,1.50,2.25
2011.11.29 05:11:13.505,1.37874,1.379,2.25,2.25
2011.11.29 05:11:14.091,1.37874,1.379,2.25,2.25
2011.11.29 05:11:14.325,1.37874,1.379,1.50,2.25
2011.11.29 05:11:25.633,1.37874,1.379,1.50,2.25
2011.11.29 05:11:28.334,1.37874,1.379,1.50,2.25
2011.11.29 05:11:28.784,1.37873,1.37901,1.50,2.25
2011.11.29 05:11:32.483,1.37873,1.37901,1.50,2.25
2011.11.29 05:11:33.995,1.37878,1.37906,1.50,2.25
2011.11.29 05:11:34.740,1.37874,1.379,2.25,2.25
2011.11.29 05:11:42.855,1.37874,1.379,1.50,2.25
2011.11.29 05:11:43.085,1.3787,1.37898,2.25,2.25
2011.11.29 05:11:44.596,1.3787,1.37898,2.25,2.25
2011.11.29 05:11:44.758,1.3787,1.37898,2.25,2.25
2011.11.29 05:11:45.186,1.3787,1.37898,2.25,2.25
2011.11.29 05:11:45.766,1.3787,1.37898,2.25,2.25
2011.11.29 05:11:46.325,1.3787,1.37898,2.25,2.25
2011.11.29 05:11:46.446,1.3787,1.37898,2.25,2.25
2011.11.29 05:11:46.585,1.3787,1.37898,2.25,2.25
2011.11.29 05:11:46.924,1.3787,1.37898,2.25,2.25
2011.11.29 05:11:47.566,1.3787,1.37898,1.50,2.25
2011.11.29 05:11:48.715,1.3787,1.37898,1.50,2.25
2011.11.29 05:11:52.049,1.3787,1.37898,2.25,2.25
2011.11.29 05:11:52.602,1.37873,1.37899,2.25,2.25
2011.11.29 05:11:52.721,1.37873,1.37899,2.25,2.25
2011.11.29 05:11:54.039,1.3787,1.37896,2.25,1.50
2011.11.29 05:11:54.383,1.37864,1.37892,2.25,1.50
2011.11.29 05:11:54.504,1.37864,1.37892,2.25,1.50
2011.11.29 05:11:54.964,1.37871,1.37897,1.50,2.25
2011.11.29 05:11:55.206,1.37871,1.37897,2.25,2.25
2011.11.29 05:11:55.325,1.37871,1.37897,2.25,1.50
2011.11.29 05:11:55.719,1.37867,1.37895,2.25,1.50
2011.11.29 05:11:56.472,1.37869,1.37897,2.25,2.25
2011.11.29 05:11:57.774,1.37869,1.37897,2.25,2.25
2011.11.29 05:11:58.132,1.37873,1.37899,2.25,1.50
2011.11.29 05:11:59.047,1.37873,1.37899,2.25,1.50
2011.11.29 05:12:03.322,1.37873,1.37899,2.25,1.50
2011.11.29 05:12:06.812,1.37873,1.37899,2.25,1.50
2011.11.29 05:12:07.314,1.37873,1.37899,2.25,1.50
2011.11.29 05:12:07.723,1.37873,1.37899,2.25,1.50
2011.11.29 05:12:08.371,1.37879,1.37905,1.50,2.25
2011.11.29 05:12:08.494,1.37879,1.37905,2.25,2.25
2011.11.29 05:12:12.569,1.37886,1.37913,2.25,1.50
2011.11.29 05:12:12.939,1.37884,1.3791,1.50,2.25
2011.11.29 05:12:13.069,1.37881,1.37907,2.25,1.50
2011.11.29 05:12:13.582,1.37883,1.37911,1.50,2.25
2011.11.29 05:12:14.100,1.37882,1.3791,2.25,2.25
2011.11.29 05:12:18.347,1.37886,1.37912,2.25,2.25
2011.11.29 05:12:18.813,1.37888,1.37916,2.25,2.25
2011.11.29 05:12:20.556,1.37888,1.37916,2.25,2.25
2011.11.29 05:12:20.894,1.37892,1.37918,1.50,2.25
2011.11.29 05:12:22.521,1.37892,1.37918,1.50,2.25
2011.11.29 05:12:24.273,1.37888,1.37916,2.25,2.25
2011.11.29 05:12:24.795,1.37888,1.37916,2.25,2.25
2011.11.29 05:12:26.132,1.37888,1.37916,2.25,2.25
2011.11.29 05:12:28.115,1.37888,1.37916,2.25,2.25
2011.11.29 05:12:31.311,1.37888,1.37916,2.25,2.25
2011.11.29 05:12:32.988,1.37888,1.37916,2.25,2.25
2011.11.29 05:12:33.649,1.37888,1.37916,2.25,2.25
2011.11.29 05:12:35.594,1.37888,1.37916,2.25,1.50
2011.11.29 05:12:36.041,1.37888,1.37916,2.25,2.25
2011.11.29 05:12:42.707,1.37888,1.37916,2.25,2.25
2011.11.29 05:13:00.382,1.37888,1.37916,2.25,2.25
2011.11.29 05:13:00.773,1.37888,1.37916,2.25,2.25
2011.11.29 05:13:01.962,1.37888,1.37916,1.50,2.25
2011.11.29 05:13:02.084,1.37888,1.37916,2.25,2.25
2011.11.29 05:13:02.654,1.37888,1.37916,2.25,2.25
2011.11.29 05:13:05.216,1.37888,1.37914,2.25,1.50
2011.11.29 05:13:05.335,1.37886,1.37914,2.25,3.75
2011.11.29 05:13:05.453,1.37882,1.37908,2.25,1.50
2011.11.29 05:13:05.574,1.37882,1.37908,1.50,2.25
2011.11.29 05:13:05.692,1.37879,1.37905,2.25,1.50
2011.11.29 05:13:05.812,1.37879,1.37905,2.25,2.25
2011.11.29 05:13:06.835,1.37879,1.37905,1.50,2.25
2011.11.29 05:13:09.712,1.37881,1.37909,1.50,2.25
2011.11.29 05:13:09.835,1.37881,1.37909,1.50,2.25
2011.11.29 05:13:11.153,1.37881,1.37909,1.50,2.25
2011.11.29 05:13:15.683,1.37881,1.37909,2.25,1.50
2011.11.29 05:13:16.812,1.37881,1.37909,2.25,1.50
2011.11.29 05:13:20.904,1.37881,1.37909,2.25,1.50
2011.11.29 05:13:21.863,1.37881,1.37909,2.25,1.50
2011.11.29 05:13:22.203,1.37881,1.37909,2.25,1.50
2011.11.29 05:13:27.621,1.37881,1.37909,2.25,1.50
2011.11.29 05:13:27.850,1.37881,1.37909,2.25,1.50
2011.11.29 05:13:27.975,1.37881,1.37909,2.25,1.50
2011.11.29 05:13:28.936,1.37881,1.37909,2.25,1.50
2011.11.29 05:13:30.808,1.37881,1.37909,2.25,1.50
2011.11.29 05:13:31.194,1.37881,1.37909,2.25,1.50
2011.11.29 05:13:43.201,1.37881,1.37909,2.25,1.50
2011.11.29 05:13:48.276,1.37878,1.37906,2.25,1.50
2011.11.29 05:13:48.613,1.37878,1.37906,2.25,1.50
2011.11.29 05:13:50.233,1.37878,1.37906,2.25,1.50
2011.11.29 05:13:50.685,1.37881,1.37909,2.25,1.50
2011.11.29 05:13:50.804,1.37885,1.37913,2.25,1.50
2011.11.29 05:13:51.143,1.37881,1.37909,2.25,1.50
2011.11.29 05:13:54.728,1.37879,1.37905,2.25,1.50
2011.11.29 05:13:57.121,1.37879,1.37905,2.25,1.50
2011.11.29 05:13:59.254,1.37886,1.37912,2.25,1.50
2011.11.29 05:13:59.482,1.37886,1.37912,2.25,1.50
2011.11.29 05:14:04.353,1.37877,1.37905,2.25,1.50
2011.11.29 05:14:04.913,1.37877,1.37905,2.25,1.50
2011.11.29 05:14:05.451,1.37877,1.37905,2.25,1.50
2011.11.29 05:14:06.175,1.37877,1.37905,2.25,1.50
2011.11.29 05:14:07.172,1.37877,1.37905,2.25,1.50
2011.11.29 05:14:07.602,1.37877,1.37905,2.25,1.50
2011.11.29 05:14:12.834,1.37885,1.37911,2.25,1.50
2011.11.29 05:14:22.297,1.37885,1.37911,2.25,1.50
2011.11.29 05:14:22.524,1.37885,1.37911,2.25,1.50
2011.11.29 05:14:26.568,1.37881,1.37907,2.25,1.50
2011.11.29 05:14:28.254,1.37881,1.37907,2.25,1.88
2011.11.29 05:14:28.379,1.37881,1.37904,2.25,1.13
2011.11.29 05:14:28.507,1.37881,1.37907,2.25,2.25
2011.11.29 05:14:28.975,1.37869,1.37897,2.25,1.50
2011.11.29 05:14:29.100,1.37873,1.37899,2.25,1.50
2011.11.29 05:14:29.223,1.37873,1.37899,2.25,1.50
2011.11.29 05:14:30.165,1.37873,1.37899,2.25,1.50
2011.11.29 05:14:31.519,1.37874,1.37902,2.25,1.50
2011.11.29 05:14:31.764,1.37872,1.37898,2.25,1.50
2011.11.29 05:14:32.361,1.37867,1.37893,2.25,1.50
2011.11.29 05:14:32.971,1.37867,1.37893,2.25,1.50
2011.11.29 05:14:33.096,1.37867,1.37893,2.25,1.50
2011.11.29 05:14:33.670,1.37867,1.37893,2.25,1.50
2011.11.29 05:14:35.054,1.37867,1.37893,2.25,1.50
2011.11.29 05:14:35.283,1.3787,1.37896,2.25,1.50
2011.11.29 05:14:35.633,1.3787,1.37896,2.25,1.50
2011.11.29 05:14:37.143,1.3787,1.37896,2.25,1.50
2011.11.29 05:14:38.574,1.3787,1.37896,2.25,1.50
2011.11.29 05:14:40.354,1.3787,1.37896,2.25,2.25
2011.11.29 05:14:40.583,1.37865,1.37893,2.25,1.50
2011.11.29 05:14:43.444,1.37864,1.3789,2.25,1.50
2011.11.29 05:14:44.224,1.37864,1.3789,2.25,1.50
2011.11.29 05:14:44.460,1.37862,1.37888,1.50,1.50
2011.11.29 05:14:44.996,1.37858,1.37884,2.25,1.50
2011.11.29 05:14:45.467,1.37859,1.37888,2.25,1.50
2011.11.29 05:14:45.696,1.37856,1.37884,2.25,1.50
2011.11.29 05:14:45.935,1.37862,1.37888,2.25,1.50
2011.11.29 05:14:46.057,1.37865,1.37891,2.25,1.50
2011.11.29 05:14:47.308,1.37859,1.37887,2.25,1.50
2011.11.29 05:14:47.443,1.37859,1.37887,2.25,1.50
2011.11.29 05:14:48.034,1.37865,1.37893,2.25,1.50
2011.11.29 05:14:48.816,1.37869,1.37895,2.25,1.50
2011.11.29 05:14:50.385,1.37865,1.37893,2.25,1.50
2011.11.29 05:14:50.737,1.37864,1.3789,3.00,1.50
2011.11.29 05:14:51.438,1.37864,1.3789,3.00,1.50
2011.11.29 05:14:51.556,1.37865,1.37893,2.25,1.50
2011.11.29 05:14:51.789,1.37871,1.37897,2.25,1.50
2011.11.29 05:14:52.039,1.37871,1.37897,2.25,1.50
2011.11.29 05:14:52.165,1.37872,1.379,2.25,1.50
2011.11.29 05:14:53.656,1.3788,1.37908,2.25,1.50
2011.11.29 05:14:54.003,1.37883,1.37909,2.25,1.50
2011.11.29 05:14:54.247,1.37886,1.37912,2.25,1.50
2011.11.29 05:14:54.903,1.37883,1.37911,2.25,1.50
2011.11.29 05:14:57.161,1.37886,1.37912,2.25,1.50
2011.11.29 05:14:57.286,1.37878,1.37906,2.25,1.50
2011.11.29 05:14:57.632,1.37886,1.37912,2.25,1.50
2011.11.29 05:15:00.547,1.37886,1.37912,2.25,2.25
2011.11.29 05:15:00.886,1.3788,1.37906,2.25,1.50
2011.11.29 05:15:01.224,1.3788,1.37906,2.25,1.50
2011.11.29 05:15:01.809,1.3788,1.37906,2.25,1.50
2011.11.29 05:15:01.923,1.3788,1.37906,2.25,1.50
2011.11.29 05:15:04.488,1.37883,1.37909,2.25,1.50
2011.11.29 05:15:04.837,1.37886,1.37914,1.50,2.25
2011.11.29 05:15:04.965,1.3789,1.37916,1.50,2.25
2011.11.29 05:15:05.326,1.37885,1.37911,2.25,2.25
2011.11.29 05:15:06.860,1.3789,1.37916,2.25,1.50
2011.11.29 05:15:07.110,1.37892,1.3792,2.25,2.25
2011.11.29 05:15:07.358,1.37896,1.37922,1.50,1.50
2011.11.29 05:15:07.860,1.37892,1.37919,1.50,2.25
2011.11.29 05:15:09.080,1.37893,1.37919,1.50,1.50
2011.11.29 05:15:09.214,1.37897,1.37925,2.25,2.25
2011.11.29 05:15:09.787,1.37897,1.37925,2.25,2.25
2011.11.29 05:15:10.937,1.37897,1.37925,2.25,2.25
2011.11.29 05:15:11.170,1.37893,1.37921,2.25,2.25
2011.11.29 05:15:11.515,1.37896,1.37922,1.50,2.25
2011.11.29 05:15:12.083,1.37896,1.37922,1.50,2.25
2011.11.29 05:15:12.772,1.37896,1.37922,1.50,2.25
2011.11.29 05:15:13.114,1.37892,1.37918,3.00,2.25
2011.11.29 05:15:13.629,1.37893,1.37918,1.50,1.50
2011.11.29 05:15:13.748,1.37895,1.37921,2.25,2.25
2011.11.29 05:15:14.515,1.37895,1.37921,2.25,2.25
2011.11.29 05:15:14.633,1.37895,1.37921,2.25,2.25
2011.11.29 05:15:15.194,1.37895,1.37921,1.50,2.25
2011.11.29 05:15:15.762,1.37893,1.37918,1.50,2.25
2011.11.29 05:15:17.054,1.37892,1.37918,2.25,2.25
2011.11.29 05:15:17.640,1.37893,1.37918,1.50,1.50
2011.11.29 05:15:18.000,1.37888,1.37916,2.25,2.25
2011.11.29 05:15:18.353,1.37886,1.37914,2.25,1.50
2011.11.29 05:15:19.285,1.37886,1.37914,2.25,1.50
2011.11.29 05:15:19.666,1.37872,1.37898,1.50,1.50
2011.11.29 05:15:20.176,1.37871,1.37898,1.50,1.50
2011.11.29 05:15:20.302,1.37868,1.37894,2.25,1.50
2011.11.29 05:15:20.425,1.37869,1.37897,2.25,1.50
2011.11.29 05:15:22.689,1.37868,1.37893,1.50,1.50
2011.11.29 05:15:23.033,1.37872,1.37898,2.25,1.50
2011.11.29 05:15:24.567,1.37869,1.37895,2.25,1.50
2011.11.29 05:15:24.979,1.37863,1.37891,2.25,1.50
2011.11.29 05:15:25.098,1.37859,1.37884,1.43,1.50
2011.11.29 05:15:25.221,1.37858,1.37876,1.58,1.50
2011.11.29 05:15:25.468,1.37854,1.37877,1.20,1.50
2011.11.29 05:15:25.703,1.37854,1.37877,1.20,1.50
2011.11.29 05:15:26.394,1.37854,1.37878,1.20,1.50
2011.11.29 05:15:26.736,1.37857,1.37885,2.25,2.25
2011.11.29 05:15:27.085,1.37854,1.37882,2.25,1.50
2011.11.29 05:15:27.422,1.37854,1.37879,1.20,1.50
2011.11.29 05:15:28.177,1.3786,1.37886,2.25,1.50
2011.11.29 05:15:28.304,1.37856,1.37882,2.25,1.50
2011.11.29 05:15:28.653,1.37854,1.37877,1.20,1.50
2011.11.29 05:15:30.215,1.37853,1.3788,1.20,1.50
2011.11.29 05:15:30.782,1.37854,1.3788,1.20,1.50
2011.11.29 05:15:31.361,1.37859,1.37885,2.25,1.50
2011.11.29 05:15:31.758,1.37866,1.37888,1.50,1.50
2011.11.29 05:15:31.886,1.3787,1.37896,2.25,2.25
2011.11.29 05:15:32.747,1.37866,1.37894,3.00,1.50
2011.11.29 05:15:33.415,1.37866,1.37891,1.50,2.25
2011.11.29 05:15:34.665,1.37866,1.3789,1.50,1.50
2011.11.29 05:15:35.577,1.37866,1.3789,1.50,1.50
2011.11.29 05:15:35.695,1.37866,1.37893,1.50,1.50
2011.11.29 05:15:37.767,1.37866,1.37893,1.50,2.25
2011.11.29 05:15:38.323,1.37866,1.37891,1.50,1.50
2011.11.29 05:15:38.669,1.37866,1.37894,3.00,1.50
2011.11.29 05:15:40.483,1.37866,1.37894,3.00,2.25
2011.11.29 05:15:40.605,1.37866,1.3789,1.50,1.50
2011.11.29 05:15:41.635,1.37866,1.37892,3.00,1.50
2011.11.29 05:15:41.756,1.37866,1.3789,1.50,1.50
2011.11.29 05:15:41.983,1.37866,1.3789,1.50,1.50
2011.11.29 05:15:43.565,1.37864,1.3789,2.25,1.50
2011.11.29 05:15:54.118,1.37866,1.3789,1.50,1.50
2011.11.29 05:15:54.239,1.3787,1.37898,2.25,2.25
2011.11.29 05:15:54.367,1.37868,1.37894,1.50,1.13
2011.11.29 05:15:54.983,1.37868,1.37892,1.50,1.50
2011.11.29 05:15:55.113,1.37868,1.37896,3.00,2.25
2011.11.29 05:15:55.648,1.37868,1.37896,3.00,1.50
2011.11.29 05:15:55.885,1.37868,1.37892,1.50,1.50
2011.11.29 05:15:56.005,1.37871,1.37897,2.25,2.25
2011.11.29 05:15:56.453,1.37871,1.37897,2.25,2.25
2011.11.29 05:15:57.144,1.37871,1.37897,1.50,2.25
2011.11.29 05:15:57.264,1.37868,1.37894,3.00,1.50
2011.11.29 05:15:57.936,1.37869,1.37894,1.50,1.50
2011.11.29 05:15:58.975,1.37866,1.37894,2.25,2.25
2011.11.29 05:15:59.312,1.37863,1.37889,2.25,1.50
2011.11.29 05:16:00.015,1.37861,1.37887,2.25,1.50
2011.11.29 05:16:00.133,1.37861,1.37887,2.25,1.50
2011.11.29 05:16:00.622,1.37863,1.37889,2.25,1.50
2011.11.29 05:16:02.484,1.37863,1.37889,2.25,1.50
2011.11.29 05:16:03.433,1.37865,1.37893,2.25,2.25
2011.11.29 05:16:05.737,1.37863,1.37891,2.25,1.50
2011.11.29 05:16:09.644,1.37866,1.37892,2.25,2.25
2011.11.29 05:16:12.013,1.37866,1.37892,2.25,1.50
2011.11.29 05:16:13.784,1.37864,1.3789,2.25,1.50
2011.11.29 05:16:13.903,1.37864,1.3789,2.25,1.50
2011.11.29 05:16:16.187,1.37864,1.3789,2.25,1.50
2011.11.29 05:16:16.306,1.37864,1.3789,2.25,1.50
2011.11.29 05:16:16.915,1.37864,1.3789,2.25,1.50
2011.11.29 05:16:19.135,1.37864,1.3789,2.25,2.25
2011.11.29 05:16:19.951,1.37864,1.3789,2.25,2.25
2011.11.29 05:16:22.325,1.37864,1.37888,2.25,1.13
2011.11.29 05:16:22.912,1.37857,1.37885,2.25,1.88
2011.11.29 05:16:23.488,1.37855,1.37881,3.00,1.50
2011.11.29 05:16:24.416,1.37858,1.37884,2.25,1.50
2011.11.29 05:16:28.362,1.37854,1.3788,2.70,1.50
2011.11.29 05:16:29.243,1.37854,1.3788,2.70,1.50
2011.11.29 05:16:35.551,1.37855,1.37883,2.25,1.50
2011.11.29 05:16:35.683,1.37854,1.37879,1.20,1.50
2011.11.29 05:16:36.142,1.37855,1.37883,2.25,1.50
2011.11.29 05:16:36.845,1.37853,1.37881,2.70,1.50
2011.11.29 05:16:37.817,1.37854,1.37881,1.20,1.88
2011.11.29 05:16:38.055,1.37853,1.37878,1.20,1.50
2011.11.29 05:16:39.265,1.37853,1.37879,2.70,1.50
2011.11.29 05:16:39.780,1.37854,1.37879,1.20,1.50
2011.11.29 05:16:40.174,1.37853,1.37879,2.70,1.50
2011.11.29 05:16:42.536,1.37854,1.37879,1.20,1.50
2011.11.29 05:16:44.955,1.37853,1.37878,1.20,1.50
2011.11.29 05:16:45.995,1.37853,1.37878,1.20,2.25
2011.11.29 05:16:47.100,1.37854,1.37878,1.20,1.50
2011.11.29 05:16:47.218,1.37858,1.37884,1.50,2.25
2011.11.29 05:16:47.443,1.37858,1.37884,2.25,2.25
2011.11.29 05:16:48.263,1.37858,1.37884,3.00,2.25
2011.11.29 05:16:50.895,1.37859,1.37884,1.50,1.50
2011.11.29 05:16:55.293,1.37864,1.37889,2.25,1.50
2011.11.29 05:16:58.203,1.3786,1.37888,2.25,1.50
2011.11.29 05:17:06.877,1.3786,1.37888,2.25,2.25
2011.11.29 05:17:07.385,1.37856,1.37884,2.25,1.50
2011.11.29 05:17:07.735,1.37856,1.37884,2.25,1.88
2011.11.29 05:17:09.665,1.37856,1.37884,2.25,1.50
2011.11.29 05:17:09.892,1.37856,1.37884,2.25,1.50
2011.11.29 05:17:10.243,1.37856,1.37884,2.25,1.50
2011.11.29 05:17:22.088,1.37854,1.3788,3.00,1.50
2011.11.29 05:17:22.488,1.37853,1.37878,1.20,1.50
2011.11.29 05:17:22.610,1.37854,1.37878,1.20,1.50
2011.11.29 05:17:23.879,1.37845,1.37871,1.95,2.25
2011.11.29 05:17:24.215,1.37845,1.37871,2.70,2.25
2011.11.29 05:17:24.784,1.37848,1.37874,1.95,2.25
2011.11.29 05:17:24.902,1.37845,1.37871,2.70,2.25
2011.11.29 05:17:25.572,1.37846,1.37871,1.20,2.25
2011.11.29 05:17:25.916,1.37849,1.37875,1.20,2.25
2011.11.29 05:17:26.155,1.37854,1.37875,1.50,1.50
2011.11.29 05:17:26.275,1.37854,1.37877,1.95,1.50
2011.11.29 05:17:26.606,1.37859,1.37887,2.25,2.25
2011.11.29 05:17:26.731,1.37857,1.37883,2.25,1.50
2011.11.29 05:17:27.677,1.37857,1.37883,2.25,1.50
2011.11.29 05:17:27.796,1.37863,1.37889,2.25,1.50
2011.11.29 05:17:28.363,1.37866,1.37891,2.25,1.50
2011.11.29 05:17:29.259,1.37859,1.37885,2.25,1.50
2011.11.29 05:17:29.865,1.37856,1.37884,2.25,1.50
2011.11.29 05:17:30.382,1.37856,1.37884,2.25,1.50
2011.11.29 05:17:31.784,1.37863,1.37889,2.25,2.25
2011.11.29 05:17:32.364,1.37863,1.37889,2.25,1.50
2011.11.29 05:17:32.491,1.37866,1.37892,2.25,2.25
2011.11.29 05:17:32.614,1.37866,1.37892,2.25,2.25
2011.11.29 05:17:35.854,1.37872,1.379,1.50,2.25
2011.11.29 05:17:36.342,1.37867,1.37893,3.00,1.50
2011.11.29 05:17:40.443,1.37869,1.37897,2.25,2.25
2011.11.29 05:17:41.265,1.37868,1.37894,2.25,1.50
2011.11.29 05:17:42.781,1.3787,1.37896,1.50,2.25
2011.11.29 05:17:43.352,1.37868,1.37894,2.25,1.50
2011.11.29 05:17:43.856,1.37868,1.37894,2.25,1.50
2011.11.29 05:17:44.424,1.3787,1.37898,2.25,2.25
2011.11.29 05:17:46.188,1.3787,1.37898,1.50,2.25
2011.11.29 05:17:46.637,1.37868,1.37894,1.50,2.25
2011.11.29 05:17:47.280,1.37867,1.37891,1.50,2.25
2011.11.29 05:17:49.332,1.37868,1.37894,1.50,2.25
2011.11.29 05:17:49.901,1.37867,1.37891,1.50,1.88
2011.11.29 05:17:50.026,1.37867,1.37891,1.50,1.88
2011.11.29 05:17:50.602,1.37865,1.37891,3.00,2.63
2011.11.29 05:17:51.229,1.3786,1.37886,2.25,1.50
2011.11.29 05:17:53.629,1.3786,1.37886,2.25,1.50
2011.11.29 05:17:54.162,1.37865,1.37891,2.25,2.25
2011.11.29 05:17:54.405,1.37864,1.37888,1.50,1.50
2011.11.29 05:17:54.531,1.37864,1.37891,1.50,2.63
2011.11.29 05:17:54.765,1.37861,1.37887,2.25,1.50
2011.11.29 05:17:56.336,1.37862,1.3789,2.25,1.50
2011.11.29 05:17:57.224,1.37868,1.37892,1.50,1.13
2011.11.29 05:17:57.643,1.37868,1.37894,2.25,2.25
2011.11.29 05:17:57.884,1.37865,1.37891,2.25,1.50
2011.11.29 05:17:58.116,1.37865,1.37891,2.25,1.50
2011.11.29 05:18:06.802,1.37865,1.37891,2.25,1.50
2011.11.29 05:18:10.654,1.37865,1.37891,1.50,2.25
2011.11.29 05:18:15.625,1.37865,1.37891,2.25,1.50
2011.11.29 05:18:18.242,1.37871,1.37897,1.50,2.25
2011.11.29 05:18:18.365,1.37872,1.379,2.25,2.25
2011.11.29 05:18:18.486,1.37872,1.379,2.25,2.25
2011.11.29 05:18:19.142,1.37872,1.379,2.25,1.50
2011.11.29 05:18:19.487,1.37872,1.379,2.25,2.25
2011.11.29 05:18:22.839,1.3787,1.37898,2.25,2.25
2011.11.29 05:18:23.066,1.37875,1.37903,2.25,2.25
2011.11.29 05:18:23.308,1.37875,1.37903,2.25,1.50
2011.11.29 05:18:25.516,1.37875,1.37903,3.00,1.50
2011.11.29 05:18:25.878,1.37878,1.37906,2.25,2.25
2011.11.29 05:18:27.615,1.37878,1.37906,2.25,1.50
2011.11.29 05:18:27.739,1.37878,1.37906,2.25,2.25
2011.11.29 05:18:27.993,1.37874,1.37902,2.25,1.50
2011.11.29 05:18:28.453,1.37871,1.37899,2.25,1.50
2011.11.29 05:18:30.477,1.37868,1.37894,2.25,1.50
2011.11.29 05:18:30.937,1.37862,1.3789,2.25,1.50
2011.11.29 05:18:31.165,1.37862,1.3789,2.25,1.50
2011.11.29 05:18:31.866,1.37862,1.3789,2.25,1.50
2011.11.29 05:18:32.096,1.37868,1.37896,2.25,1.50
2011.11.29 05:18:33.188,1.37875,1.37892,1.50,1.50
2011.11.29 05:18:33.307,1.3788,1.37906,1.50,2.25
2011.11.29 05:18:33.535,1.3788,1.37906,2.25,2.25
2011.11.29 05:18:33.882,1.3788,1.37906,2.25,1.50
2011.11.29 05:18:34.662,1.3788,1.37906,2.25,1.50
2011.11.29 05:18:35.129,1.37877,1.37905,2.25,2.25
2011.11.29 05:18:35.249,1.37883,1.37911,1.50,2.25
2011.11.29 05:18:35.369,1.3788,1.37903,1.50,1.50
2011.11.29 05:18:35.595,1.37867,1.37893,2.25,1.50
2011.11.29 05:18:35.834,1.37872,1.37897,1.50,1.50
2011.11.29 05:18:35.953,1.37873,1.37901,2.25,2.25
2011.11.29 05:18:36.072,1.37873,1.37901,2.25,1.50
2011.11.29 05:18:36.414,1.37871,1.37898,1.50,1.50
2011.11.29 05:18:37.435,1.37867,1.37895,3.00,1.50
2011.11.29 05:18:37.787,1.37862,1.37887,1.50,1.50
2011.11.29 05:18:37.904,1.37865,1.3789,1.50,1.50
2011.11.29 05:18:38.264,1.37868,1.37896,2.25,1.50
2011.11.29 05:18:38.715,1.37872,1.37898,2.25,1.50
2011.11.29 05:18:38.833,1.37872,1.37898,2.25,1.50
2011.11.29 05:18:41.067,1.37872,1.37898,2.25,1.50
2011.11.29 05:18:48.686,1.37868,1.37896,2.25,1.50
2011.11.29 05:18:48.804,1.37868,1.37896,2.25,1.50
2011.11.29 05:18:49.273,1.37866,1.37894,2.25,1.50
2011.11.29 05:18:49.505,1.3786,1.37888,2.25,1.50
2011.11.29 05:18:51.624,1.37858,1.37885,1.50,1.50
2011.11.29 05:18:53.018,1.37859,1.37885,1.50,1.50
2011.11.29 05:18:53.685,1.37858,1.37886,2.25,1.50
2011.11.29 05:18:54.246,1.37855,1.37881,2.25,1.50
2011.11.29 05:18:58.732,1.37858,1.37884,2.25,1.50
2011.11.29 05:19:02.984,1.37855,1.37881,3.00,1.50
2011.11.29 05:19:09.213,1.37858,1.37884,2.25,1.50
2011.11.29 05:19:16.989,1.37853,1.37879,1.20,1.50
2011.11.29 05:19:17.324,1.37854,1.37879,1.20,1.50
2011.11.29 05:19:21.132,1.37856,1.37884,2.25,1.50
2011.11.29 05:19:21.253,1.37856,1.37884,2.25,1.50
2011.11.29 05:19:21.373,1.37858,1.37886,2.25,2.25
2011.11.29 05:19:21.825,1.37861,1.37886,1.28,1.50
2011.11.29 05:19:21.947,1.37866,1.37892,2.25,1.50
2011.11.29 05:19:22.067,1.37864,1.3789,2.25,1.50
2011.11.29 05:19:27.284,1.37861,1.37888,1.05,1.50
2011.11.29 05:19:27.648,1.37854,1.37873,1.20,1.50
2011.11.29 05:19:28.203,1.37853,1.37873,1.20,1.50
2011.11.29 05:19:32.155,1.37853,1.37875,1.20,1.50
2011.11.29 05:19:32.603,1.37853,1.37879,1.20,2.25
2011.11.29 05:19:32.845,1.37854,1.37879,1.20,2.25
2011.11.29 05:19:33.194,1.3784,1.37863,1.20,1.50
2011.11.29 05:19:33.436,1.37849,1.37867,1.20,1.50
2011.11.29 05:19:33.676,1.37845,1.37862,1.20,1.50
2011.11.29 05:19:33.797,1.37845,1.37866,1.20,1.50
2011.11.29 05:19:34.024,1.37852,1.3787,1.20,1.50
2011.11.29 05:19:34.543,1.37853,1.37875,1.20,1.50
2011.11.29 05:19:34.669,1.37851,1.37869,1.20,1.50
2011.11.29 05:19:35.016,1.37851,1.37862,1.20,1.50
2011.11.29 05:19:35.138,1.37848,1.37866,1.20,1.50
2011.11.29 05:19:37.255,1.3785,1.37869,1.20,1.50
2011.11.29 05:19:38.405,1.3785,1.37869,1.20,1.50
2011.11.29 05:19:39.502,1.37853,1.37869,1.20,1.50
2011.11.29 05:19:41.036,1.37854,1.37874,1.20,2.25
2011.11.29 05:19:43.705,1.37853,1.37878,1.20,1.50
2011.11.29 05:19:44.880,1.37853,1.37878,1.20,1.50
2011.11.29 05:19:45.223,1.37853,1.37878,1.20,1.50
2011.11.29 05:19:46.036,1.37853,1.37878,1.20,1.50
2011.11.29 05:19:46.261,1.37853,1.37878,1.20,1.50
2011.11.29 05:19:46.642,1.37853,1.37878,1.20,1.50
2011.11.29 05:19:47.236,1.37853,1.37878,1.20,1.50
2011.11.29 05:19:47.585,1.37853,1.37874,1.20,1.50
2011.11.29 05:19:48.053,1.37853,1.37874,1.20,1.50
2011.11.29 05:19:48.802,1.37854,1.37874,1.20,1.50
2011.11.29 05:19:49.165,1.37854,1.37872,1.20,1.50
2011.11.29 05:19:49.395,1.37854,1.37872,1.20,1.50
2011.11.29 05:19:51.834,1.37854,1.37878,1.20,1.50
2011.11.29 05:19:52.460,1.37853,1.37877,1.20,1.50
2011.11.29 05:19:52.585,1.37854,1.37874,1.20,1.50
2011.11.29 05:19:53.517,1.37854,1.3787,1.20,1.50
2011.11.29 05:19:53.993,1.37853,1.37873,1.20,1.50
2011.11.29 05:19:54.726,1.37853,1.37873,1.20,1.50
2011.11.29 05:19:54.845,1.37853,1.3787,1.20,1.50
2011.11.29 05:19:55.185,1.37853,1.37868,1.20,1.50
2011.11.29 05:20:01.432,1.37854,1.37868,1.20,1.50
2011.11.29 05:20:02.056,1.37853,1.3787,1.20,1.50
2011.11.29 05:20:02.395,1.37853,1.3787,1.20,1.50
2011.11.29 05:20:02.516,1.37853,1.37867,1.20,1.50
2011.11.29 05:20:02.854,1.37853,1.37863,1.20,1.50
2011.11.29 05:20:03.438,1.37853,1.37863,1.20,1.50
2011.11.29 05:20:03.560,1.37853,1.37866,1.20,1.50
2011.11.29 05:20:03.794,1.37853,1.3787,1.20,1.50
2011.11.29 05:20:04.242,1.37852,1.37873,1.20,1.50
2011.11.29 05:20:05.336,1.37852,1.37873,1.20,1.50
2011.11.29 05:20:13.114,1.37853,1.37873,1.20,1.50
2011.11.29 05:20:13.334,1.37853,1.37873,1.20,1.50
2011.11.29 05:20:16.632,1.37853,1.37871,1.20,1.50
2011.11.29 05:20:19.774,1.37854,1.37873,1.20,1.50
2011.11.29 05:20:20.988,1.37853,1.37873,1.20,1.50
2011.11.29 05:20:21.214,1.37853,1.37871,1.20,1.50
2011.11.29 05:20:21.845,1.37852,1.37873,1.20,1.50
2011.11.29 05:20:22.076,1.37854,1.37878,1.20,2.25
2011.11.29 05:20:22.305,1.37854,1.37878,1.20,1.50
2011.11.29 05:20:22.784,1.37853,1.37878,1.20,1.50
2011.11.29 05:20:24.457,1.37854,1.37877,1.20,1.50
2011.11.29 05:20:26.487,1.37853,1.37877,1.20,1.50
2011.11.29 05:20:27.248,1.37853,1.37877,1.20,1.50
2011.11.29 05:20:29.353,1.37854,1.37877,1.20,1.50
2011.11.29 05:20:33.881,1.37853,1.37877,1.20,1.50
2011.11.29 05:20:37.473,1.37853,1.37877,1.20,1.50
2011.11.29 05:20:40.288,1.37853,1.37878,1.20,1.50
2011.11.29 05:20:40.946,1.37853,1.37876,1.20,1.50
2011.11.29 05:20:43.410,1.37853,1.37876,1.20,1.50
2011.11.29 05:20:49.107,1.37854,1.37882,2.70,2.25
2011.11.29 05:20:50.884,1.37853,1.37879,1.20,1.50
2011.11.29 05:20:53.673,1.37855,1.37881,2.25,2.25
2011.11.29 05:20:57.176,1.37855,1.37881,2.25,1.50
2011.11.29 05:20:57.520,1.37862,1.37888,1.50,2.25
2011.11.29 05:20:57.980,1.37859,1.37887,2.25,2.25
2011.11.29 05:21:03.562,1.37859,1.37887,2.25,1.50
2011.11.29 05:21:04.033,1.37861,1.37889,2.25,2.25
2011.11.29 05:21:04.156,1.37861,1.37889,2.25,1.50
2011.11.29 05:21:13.526,1.37858,1.37884,2.25,1.50
2011.11.29 05:21:13.875,1.37854,1.37882,2.25,1.50
2011.11.29 05:21:14.000,1.37854,1.37882,2.70,1.50
2011.11.29 05:21:21.212,1.37854,1.37882,2.70,1.50
2011.11.29 05:21:23.026,1.37857,1.37885,2.25,1.50
2011.11.29 05:21:23.253,1.37857,1.37885,2.25,1.50
2011.11.29 05:21:24.856,1.37857,1.37885,2.25,1.50
2011.11.29 05:21:25.483,1.37857,1.37885,2.25,2.25
2011.11.29 05:21:28.814,1.37857,1.37885,2.25,1.50
2011.11.29 05:21:34.949,1.37854,1.3788,2.70,1.50
2011.11.29 05:21:35.916,1.37854,1.3788,2.25,1.50
2011.11.29 05:21:39.234,1.37853,1.37878,1.20,1.50
2011.11.29 05:21:39.356,1.37853,1.37878,1.20,1.50
2011.11.29 05:21:39.477,1.37853,1.37878,1.20,1.50
2011.11.29 05:21:39.706,1.37854,1.37878,1.20,1.50
2011.11.29 05:21:39.947,1.37853,1.37874,1.20,1.50
2011.11.29 05:21:41.893,1.37853,1.37877,1.20,1.50
2011.11.29 05:21:42.697,1.37853,1.37874,1.20,1.50
2011.11.29 05:21:43.665,1.37853,1.37874,1.20,1.50
2011.11.29 05:21:44.824,1.37853,1.37876,1.20,1.50
2011.11.29 05:21:46.275,1.37854,1.37876,1.20,1.50
2011.11.29 05:21:46.516,1.37854,1.37882,2.25,1.50
2011.11.29 05:21:48.177,1.37854,1.37882,2.25,1.50
2011.11.29 05:21:51.766,1.37857,1.37885,2.25,1.50
2011.11.29 05:21:54.516,1.37854,1.37882,2.25,1.50
2011.11.29 05:22:14.641,1.37854,1.37882,2.70,1.50
2011.11.29 05:22:16.295,1.37854,1.37882,2.25,1.50
2011.11.29 05:22:16.412,1.37858,1.37884,2.25,1.50
2011.11.29 05:22:16.756,1.37855,1.37881,2.25,1.50
2011.11.29 05:22:16.876,1.37855,1.37881,2.25,1.50
2011.11.29 05:22:16.994,1.37853,1.37877,1.20,1.50
2011.11.29 05:22:17.346,1.37853,1.37877,1.20,1.50
2011.11.29 05:22:19.160,1.37855,1.37883,2.25,2.25
2011.11.29 05:22:20.094,1.3786,1.37886,2.25,1.50
2011.11.29 05:22:20.433,1.37862,1.37888,2.25,1.50
2011.11.29 05:22:21.274,1.37862,1.37888,2.25,1.50
2011.11.29 05:22:22.646,1.37862,1.37888,2.25,1.50
2011.11.29 05:22:23.328,1.37864,1.37892,2.25,2.25
2011.11.29 05:22:26.836,1.37861,1.37889,2.25,1.50
2011.11.29 05:22:28.037,1.37864,1.37892,2.25,2.25
2011.11.29 05:22:28.153,1.37864,1.37892,2.25,1.50
2011.11.29 05:22:28.677,1.37867,1.37895,2.25,2.25
2011.11.29 05:22:33.573,1.37863,1.37891,2.25,1.50
2011.11.29 05:22:33.826,1.37863,1.37891,2.25,1.50
2011.11.29 05:22:34.485,1.37866,1.37894,2.25,1.50
2011.11.29 05:22:35.044,1.37868,1.37896,2.25,2.25
2011.11.29 05:22:35.785,1.37866,1.37894,2.25,1.50
2011.11.29 05:22:36.016,1.37866,1.37894,2.25,2.25
2011.11.29 05:22:44.544,1.37868,1.37896,2.25,2.25
2011.11.29 05:22:47.479,1.37859,1.37885,2.25,1.50
2011.11.29 05:22:47.834,1.37857,1.37883,2.25,1.50
2011.11.29 05:22:48.514,1.37859,1.37885,2.25,1.50
2011.11.29 05:22:49.333,1.37859,1.37885,2.25,1.50
2011.11.29 05:22:52.464,1.37857,1.37883,2.25,1.50
2011.11.29 05:22:52.923,1.37854,1.3788,2.25,1.50
2011.11.29 05:22:53.155,1.37856,1.37882,2.25,1.50
2011.11.29 05:22:53.824,1.37856,1.37882,2.25,1.50
2011.11.29 05:22:54.333,1.37856,1.37882,2.25,1.50
2011.11.29 05:22:54.593,1.37856,1.37882,2.25,1.50
2011.11.29 05:22:58.134,1.37854,1.3788,2.25,1.50
2011.11.29 05:22:58.366,1.37854,1.3788,2.70,1.50
2011.11.29 05:22:58.826,1.37854,1.3788,2.70,1.50
2011.11.29 05:22:59.804,1.37854,1.3788,2.70,1.50
2011.11.29 05:23:00.364,1.37854,1.3788,2.25,1.50
2011.11.29 05:23:04.555,1.37854,1.3788,2.70,1.50
2011.11.29 05:23:06.673,1.37855,1.37883,2.25,1.50
2011.11.29 05:23:07.247,1.37853,1.37878,1.20,1.50
2011.11.29 05:23:07.605,1.37853,1.3787,1.20,1.50
2011.11.29 05:23:08.285,1.37853,1.37872,1.20,1.50
2011.11.29 05:23:08.964,1.37853,1.37872,1.20,1.50
2011.11.29 05:23:13.205,1.37854,1.37872,1.20,1.50
2011.11.29 05:23:15.664,1.37854,1.37872,1.20,1.50
2011.11.29 05:23:16.027,1.37854,1.37866,1.20,1.50
2011.11.29 05:23:16.502,1.37854,1.3788,2.70,2.25
2011.11.29 05:23:16.750,1.37854,1.37882,2.25,1.50
2011.11.29 05:23:16.997,1.37857,1.37885,2.25,1.50
2011.11.29 05:23:20.676,1.37857,1.37885,2.25,1.50
2011.11.29 05:23:20.799,1.37864,1.37892,2.25,2.25
2011.11.29 05:23:20.918,1.37861,1.37887,2.25,1.50
2011.11.29 05:23:21.040,1.37868,1.37894,2.25,1.50
2011.11.29 05:23:21.397,1.37865,1.37891,2.25,1.50
2011.11.29 05:23:21.515,1.37865,1.37891,2.25,1.50
2011.11.29 05:23:21.746,1.37865,1.37891,2.25,1.50
2011.11.29 05:23:24.407,1.37868,1.37894,2.25,1.50
2011.11.29 05:23:25.337,1.37865,1.37891,2.25,1.50
2011.11.29 05:23:30.565,1.37865,1.37891,2.25,1.50
2011.11.29 05:23:30.685,1.37865,1.37891,2.25,1.50
2011.11.29 05:23:30.805,1.37868,1.37894,2.25,1.50
2011.11.29 05:23:31.045,1.37869,1.37897,2.25,2.55
2011.11.29 05:23:31.785,1.37869,1.37897,2.25,1.50
2011.11.29 05:23:33.241,1.37867,1.37895,2.25,1.50
2011.11.29 05:23:33.607,1.37864,1.37892,2.25,1.50
2011.11.29 05:23:33.729,1.37864,1.37892,2.25,2.25
2011.11.29 05:23:33.847,1.37861,1.37889,2.25,1.50
2011.11.29 05:23:35.196,1.3786,1.37886,2.25,1.50
2011.11.29 05:23:36.384,1.3787,1.37896,2.25,2.25
2011.11.29 05:23:36.507,1.3787,1.37896,2.25,1.50
2011.11.29 05:23:37.180,1.37868,1.37894,2.25,1.50
2011.11.29 05:23:37.513,1.37864,1.37892,2.25,1.50
2011.11.29 05:23:42.366,1.37868,1.37894,2.25,1.50
2011.11.29 05:24:01.932,1.37868,1.37894,2.25,1.50
2011.11.29 05:24:02.278,1.37877,1.37902,1.50,1.50
2011.11.29 05:24:02.623,1.37883,1.37911,1.50,2.25
2011.11.29 05:24:03.278,1.37881,1.37907,1.50,2.25
2011.11.29 05:24:03.734,1.37881,1.37907,2.25,1.50
2011.11.29 05:24:04.633,1.37883,1.37909,2.25,2.25
2011.11.29 05:24:06.798,1.37885,1.37913,2.25,3.00
2011.11.29 05:24:07.136,1.37881,1.37909,2.25,1.50
2011.11.29 05:24:07.693,1.37881,1.37909,2.25,1.50
2011.11.29 05:24:07.812,1.37881,1.37909,2.25,2.25
2011.11.29 05:24:08.641,1.37881,1.37909,2.25,1.50
2011.11.29 05:24:08.873,1.37885,1.37913,2.25,2.25
2011.11.29 05:24:14.849,1.37898,1.37923,1.50,1.50
2011.11.29 05:24:14.965,1.37898,1.37926,2.25,2.25
2011.11.29 05:24:15.212,1.37893,1.37921,2.25,2.25
2011.11.29 05:24:17.115,1.37893,1.37921,2.25,2.25
2011.11.29 05:24:17.797,1.37889,1.37915,2.25,1.50
2011.11.29 05:24:18.039,1.37893,1.37919,2.25,1.50
2011.11.29 05:24:18.374,1.37893,1.37919,2.25,2.25
2011.11.29 05:24:23.597,1.37891,1.37917,2.25,1.50
2011.11.29 05:24:24.032,1.37892,1.3792,2.25,2.25
2011.11.29 05:24:24.963,1.3789,1.37916,2.25,1.50
2011.11.29 05:24:25.934,1.3789,1.37916,2.25,1.50
2011.11.29 05:24:27.864,1.37887,1.37915,2.25,2.25
2011.11.29 05:24:28.220,1.37881,1.37909,2.25,1.50
2011.11.29 05:24:28.342,1.37881,1.37909,2.25,1.50
2011.11.29 05:24:28.625,1.37879,1.37905,2.25,1.50
2011.11.29 05:24:30.957,1.37882,1.37908,2.25,1.50
2011.11.29 05:24:31.595,1.37884,1.37912,2.25,1.50
2011.11.29 05:24:50.747,1.37884,1.37912,2.25,1.50
2011.11.29 05:24:52.453,1.37887,1.37915,2.25,2.25
2011.11.29 05:24:55.543,1.3789,1.37916,1.50,2.25
2011.11.29 05:24:55.883,1.37884,1.3791,2.25,1.50
2011.11.29 05:24:56.113,1.3789,1.37916,2.25,2.25
2011.11.29 05:24:58.955,1.3789,1.37916,2.25,2.25
2011.11.29 05:25:00.656,1.3789,1.37916,2.25,1.50
2011.11.29 05:25:01.208,1.3789,1.37916,2.25,2.25
2011.11.29 05:25:01.966,1.37887,1.37915,2.25,1.50
2011.11.29 05:25:07.740,1.37887,1.37915,2.25,2.25
2011.11.29 05:25:09.013,1.37893,1.37917,1.50,1.50
2011.11.29 05:25:09.243,1.37891,1.37917,1.50,3.00
2011.11.29 05:25:13.959,1.37893,1.37919,1.50,2.25
2011.11.29 05:25:14.313,1.37895,1.37923,1.50,2.25
2011.11.29 05:25:16.343,1.37899,1.37924,1.50,1.13
2011.11.29 05:25:17.052,1.37898,1.37924,1.50,2.63
2011.11.29 05:25:17.728,1.37894,1.37922,1.50,2.25
2011.11.29 05:25:20.053,1.37896,1.37924,1.50,2.25
2011.11.29 05:25:23.453,1.37889,1.37917,1.50,2.25
2011.11.29 05:25:23.831,1.37888,1.37914,1.50,2.25
2011.11.29 05:25:28.123,1.37888,1.37914,1.50,2.25
2011.11.29 05:25:28.356,1.3789,1.37916,1.50,2.25
2011.11.29 05:25:30.554,1.37892,1.3792,1.50,2.25
2011.11.29 05:25:30.784,1.37892,1.3792,2.25,1.50
2011.11.29 05:25:34.407,1.37892,1.3792,2.25,2.25
2011.11.29 05:25:34.528,1.37888,1.37916,2.25,1.50
2011.11.29 05:25:34.866,1.37886,1.37914,2.25,1.50
2011.11.29 05:25:35.686,1.37889,1.37915,2.25,1.50
2011.11.29 05:25:37.595,1.37893,1.37921,2.25,3.00
2011.11.29 05:25:43.809,1.37894,1.3792,2.25,1.50
2011.11.29 05:25:44.363,1.37895,1.37923,2.25,2.25
2011.11.29 05:25:44.816,1.37895,1.37923,2.25,1.50
2011.11.29 05:25:45.371,1.37899,1.37927,2.25,2.25
2011.11.29 05:25:46.326,1.37903,1.37928,1.50,1.50
2011.11.29 05:25:46.676,1.37903,1.37928,1.50,1.50
2011.11.29 05:25:46.798,1.37905,1.37932,1.50,1.50
2011.11.29 05:25:47.134,1.37902,1.3793,3.00,2.25
2011.11.29 05:25:47.256,1.379,1.37926,1.50,2.25
2011.11.29 05:25:47.486,1.37898,1.37924,2.25,2.25
2011.11.29 05:25:48.056,1.37903,1.37931,1.50,2.25
2011.11.29 05:25:48.525,1.37907,1.37933,1.50,3.00
2011.11.29 05:25:49.604,1.37907,1.37933,1.50,2.25
2011.11.29 05:25:49.724,1.37905,1.37931,1.50,2.25
2011.11.29 05:25:50.293,1.37904,1.3793,1.50,2.25
2011.11.29 05:25:50.524,1.37902,1.37925,1.50,2.25
2011.11.29 05:25:50.889,1.37896,1.37918,1.50,2.25
2011.11.29 05:25:51.008,1.37886,1.37912,2.25,1.50
2011.11.29 05:25:51.128,1.3788,1.37908,2.25,1.50
2011.11.29 05:25:51.476,1.37877,1.37905,2.25,1.50
2011.11.29 05:25:51.600,1.37879,1.37907,3.00,1.50
2011.11.29 05:25:51.716,1.37879,1.37907,3.00,1.50
2011.11.29 05:25:52.079,1.37882,1.3791,2.25,1.50
2011.11.29 05:25:52.585,1.37882,1.3791,2.25,1.50
2011.11.29 05:25:52.820,1.37886,1.37912,2.25,1.50
2011.11.29 05:25:53.960,1.37886,1.37912,2.25,1.50
2011.11.29 05:25:54.077,1.37879,1.37907,2.25,1.50
2011.11.29 05:25:55.726,1.37882,1.3791,2.25,1.50
2011.11.29 05:25:56.216,1.37885,1.37913,2.25,1.50
2011.11.29 05:25:57.273,1.37891,1.37916,1.50,1.50
2011.11.29 05:25:57.399,1.37891,1.37916,1.88,1.50
2011.11.29 05:25:57.519,1.37898,1.37926,2.25,3.00
2011.11.29 05:25:57.640,1.37895,1.3792,1.13,1.50
2011.11.29 05:25:57.994,1.37891,1.37914,1.50,1.50
2011.11.29 05:25:59.320,1.37891,1.37917,3.00,1.50
2011.11.29 05:26:00.485,1.37893,1.37919,2.25,1.50
2011.11.29 05:26:01.266,1.37893,1.37919,2.25,1.50
2011.11.29 05:26:01.627,1.37896,1.37922,2.25,1.50
2011.11.29 05:26:02.208,1.37895,1.37923,2.25,2.25
2011.11.29 05:26:02.893,1.37896,1.37922,2.25,1.50
2011.11.29 05:26:03.024,1.37896,1.37922,2.25,1.50
2011.11.29 05:26:03.145,1.37894,1.3792,2.25,1.50
2011.11.29 05:26:03.263,1.37894,1.3792,2.25,1.50
2011.11.29 05:26:03.935,1.37894,1.37918,2.25,1.50
2011.11.29 05:26:04.057,1.37893,1.37915,1.50,2.25
2011.11.29 05:26:06.045,1.37867,1.37895,2.25,2.25
2011.11.29 05:26:06.515,1.37867,1.37895,2.25,1.50
2011.11.29 05:26:06.640,1.37869,1.37897,2.25,1.50
2011.11.29 05:26:06.771,1.37875,1.37903,2.25,1.50
2011.11.29 05:26:07.365,1.37874,1.37902,2.25,1.50
2011.11.29 05:26:07.483,1.37874,1.37902,2.25,1.50
2011.11.29 05:26:07.717,1.37877,1.37905,2.25,1.50
2011.11.29 05:26:07.948,1.37879,1.37907,2.25,1.50
2011.11.29 05:26:08.406,1.37878,1.37904,2.25,1.50
2011.11.29 05:26:08.526,1.37878,1.37904,2.25,1.50
2011.11.29 05:26:08.864,1.3788,1.37906,2.25,2.25
2011.11.29 05:26:10.533,1.3788,1.37906,2.25,1.50
2011.11.29 05:26:11.463,1.37882,1.3791,2.25,1.50
2011.11.29 05:26:11.910,1.37885,1.37913,2.25,1.50
2011.11.29 05:26:12.804,1.37888,1.37916,2.25,1.50
2011.11.29 05:26:12.928,1.37888,1.37916,3.00,1.50
2011.11.29 05:26:13.049,1.37892,1.37918,2.25,2.25
2011.11.29 05:26:14.244,1.37895,1.37921,1.50,2.25
2011.11.29 05:26:14.378,1.37891,1.37919,2.25,2.25
2011.11.29 05:26:14.614,1.37891,1.37919,2.25,2.25
2011.11.29 05:26:14.953,1.37898,1.37924,1.50,3.00
2011.11.29 05:26:15.294,1.37898,1.37924,1.50,3.00
2011.11.29 05:26:16.776,1.37898,1.37924,1.50,3.00
2011.11.29 05:26:17.436,1.37898,1.37924,1.50,2.25
2011.11.29 05:26:17.788,1.37894,1.3792,1.50,2.25
2011.11.29 05:26:17.908,1.37891,1.37916,1.50,1.50
2011.11.29 05:26:18.256,1.37891,1.37916,1.50,1.50
2011.11.29 05:26:18.837,1.37899,1.37925,1.50,2.25
2011.11.29 05:26:19.175,1.37901,1.37929,1.50,2.25
2011.11.29 05:26:19.745,1.37901,1.37929,1.50,2.25
2011.11.29 05:26:20.813,1.37901,1.37929,1.50,2.25
2011.11.29 05:26:21.154,1.37905,1.37931,1.50,2.25
2011.11.29 05:26:21.503,1.37905,1.37931,1.50,2.25
2011.11.29 05:26:21.628,1.37906,1.37934,1.50,2.25
2011.11.29 05:26:21.987,1.37906,1.37934,1.50,2.25
2011.11.29 05:26:22.436,1.37909,1.37937,1.50,2.25
2011.11.29 05:26:22.555,1.37909,1.37937,1.50,2.25
2011.11.29 05:26:22.783,1.37913,1.37939,1.50,2.25
2011.11.29 05:26:23.013,1.37913,1.37939,1.50,2.25
2011.11.29 05:26:23.133,1.3791,1.37938,2.25,2.25
2011.11.29 05:26:23.831,1.37913,1.37941,1.50,2.25
2011.11.29 05:26:24.628,1.37912,1.37938,1.50,2.25
2011.11.29 05:26:24.870,1.37905,1.37933,2.25,1.50
2011.11.29 05:26:25.116,1.37902,1.37928,2.25,2.25
2011.11.29 05:26:25.453,1.37902,1.37928,1.50,2.25
2011.11.29 05:26:25.776,1.37902,1.37928,1.50,2.25
2011.11.29 05:26:26.426,1.37897,1.37925,2.25,1.50
2011.11.29 05:26:26.557,1.37895,1.37921,2.40,2.25
2011.11.29 05:26:26.799,1.37895,1.37921,2.85,2.25
2011.11.29 05:26:27.158,1.37903,1.37929,1.50,2.25
2011.11.29 05:26:27.689,1.37903,1.37929,1.50,2.25
2011.11.29 05:26:28.663,1.37901,1.37927,1.50,2.25
2011.11.29 05:26:29.245,1.37901,1.37927,1.50,2.25
2011.11.29 05:26:29.823,1.37901,1.37927,1.50,2.25
2011.11.29 05:26:29.945,1.37897,1.37925,2.25,2.25
2011.11.29 05:26:31.698,1.37897,1.37925,2.25,2.25
2011.11.29 05:26:32.570,1.37897,1.37925,2.25,2.25
2011.11.29 05:26:33.035,1.37897,1.37925,2.25,2.25
2011.11.29 05:26:33.384,1.37895,1.37921,2.25,1.50
2011.11.29 05:26:33.505,1.37895,1.37921,1.50,2.25
2011.11.29 05:26:33.626,1.37895,1.37921,2.25,2.25
2011.11.29 05:26:34.296,1.37894,1.37922,2.25,2.25
2011.11.29 05:26:34.736,1.37894,1.37922,2.25,2.25
2011.11.29 05:26:36.094,1.37889,1.37917,3.00,1.50
2011.11.29 05:26:36.435,1.37889,1.37914,1.50,1.50
2011.11.29 05:26:36.677,1.37891,1.37917,2.25,1.50
2011.11.29 05:26:36.908,1.37896,1.37924,2.25,1.50
2011.11.29 05:26:37.573,1.37896,1.37924,2.25,2.25
2011.11.29 05:26:37.914,1.37896,1.37924,2.25,2.25
2011.11.29 05:26:38.250,1.37892,1.37918,2.25,1.50
2011.11.29 05:26:38.619,1.37887,1.37913,2.25,1.50
2011.11.29 05:26:38.958,1.37883,1.37911,2.25,1.50
2011.11.29 05:26:39.187,1.37883,1.37911,2.25,1.50
2011.11.29 05:26:39.420,1.37885,1.37913,2.25,1.50
2011.11.29 05:26:41.001,1.3788,1.37896,1.50,1.50
2011.11.29 05:26:41.359,1.37875,1.37901,2.25,1.50
2011.11.29 05:26:41.475,1.3787,1.37896,2.25,1.50
2011.11.29 05:26:41.835,1.37867,1.37895,2.25,1.50
2011.11.29 05:26:42.284,1.37869,1.37897,2.25,1.50
2011.11.29 05:26:42.777,1.37863,1.37889,2.25,1.50
2011.11.29 05:26:43.318,1.37862,1.37888,1.50,1.50
2011.11.29 05:26:44.287,1.37859,1.37884,1.50,1.50
2011.11.29 05:26:44.416,1.37863,1.37891,1.50,2.25
2011.11.29 05:26:44.764,1.37871,1.37897,2.25,1.50
2011.11.29 05:26:45.436,1.37868,1.37894,2.25,1.50
2011.11.29 05:26:45.775,1.37868,1.37894,2.25,1.50
2011.11.29 05:26:46.132,1.37868,1.37894,2.25,1.50
2011.11.29 05:26:46.633,1.37869,1.37897,2.25,1.50
2011.11.29 05:26:46.759,1.37867,1.37895,2.25,1.50
2011.11.29 05:26:46.986,1.37874,1.37902,2.25,1.50
2011.11.29 05:26:47.215,1.37869,1.37897,2.25,1.50
2011.11.29 05:26:49.885,1.37869,1.37897,2.25,1.50
2011.11.29 05:26:50.115,1.37875,1.37901,2.25,1.50
2011.11.29 05:26:50.716,1.37869,1.37895,2.25,1.50
2011.11.29 05:26:51.474,1.37869,1.37895,2.25,1.50
2011.11.29 05:26:51.594,1.37872,1.37898,2.25,1.50
2011.11.29 05:26:52.046,1.37876,1.37902,2.25,1.50
2011.11.29 05:26:52.167,1.3787,1.37896,2.25,1.50
2011.11.29 05:26:52.613,1.37868,1.37894,2.25,1.50
2011.11.29 05:26:54.657,1.3787,1.37896,2.25,1.50
2011.11.29 05:26:57.023,1.37868,1.37894,2.25,1.50
2011.11.29 05:26:58.972,1.37864,1.3789,2.25,1.50
2011.11.29 05:27:00.764,1.37869,1.37897,2.25,1.50
2011.11.29 05:27:04.352,1.37873,1.37899,2.25,1.50
2011.11.29 05:27:05.612,1.3787,1.37898,2.25,1.50
2011.11.29 05:27:06.685,1.37872,1.379,2.25,1.50
2011.11.29 05:27:07.148,1.37872,1.379,2.25,1.88
2011.11.29 05:27:07.267,1.37872,1.379,2.25,1.50
2011.11.29 05:27:07.605,1.37868,1.37896,2.25,1.50
2011.11.29 05:27:07.737,1.37864,1.3789,2.25,2.25
2011.11.29 05:27:08.293,1.37869,1.37895,1.50,2.25
2011.11.29 05:27:08.641,1.37869,1.37895,2.25,1.50
2011.11.29 05:27:09.604,1.37869,1.37895,2.25,1.50
2011.11.29 05:27:13.005,1.37869,1.37895,2.25,1.50
2011.11.29 05:27:14.352,1.37869,1.37895,2.25,1.50
2011.11.29 05:27:14.697,1.37867,1.37893,2.25,1.50
2011.11.29 05:27:15.145,1.37868,1.37896,2.25,1.50
2011.11.29 05:27:17.205,1.37872,1.37898,2.25,1.50
2011.11.29 05:27:18.322,1.37872,1.37898,2.25,1.50
2011.11.29 05:27:22.216,1.37872,1.37898,2.25,1.50
2011.11.29 05:27:22.444,1.37866,1.37892,2.25,1.50
2011.11.29 05:27:22.782,1.37864,1.3789,2.25,1.50
2011.11.29 05:27:23.013,1.37866,1.37892,2.25,1.50
2011.11.29 05:27:23.936,1.37866,1.37892,2.25,1.50
2011.11.29 05:27:24.165,1.37869,1.37897,2.25,1.50
2011.11.29 05:27:25.213,1.37868,1.37894,2.25,1.50
2011.11.29 05:27:25.334,1.3787,1.37896,2.25,1.50
2011.11.29 05:27:25.562,1.3787,1.37896,2.25,2.25
2011.11.29 05:27:26.201,1.37873,1.37899,2.25,2.25
2011.11.29 05:27:26.554,1.37876,1.37899,1.50,1.50
2011.11.29 05:27:28.077,1.37876,1.37903,1.50,1.50
2011.11.29 05:27:28.200,1.37879,1.37905,1.50,3.00
2011.11.29 05:27:28.875,1.37879,1.37905,2.25,1.50
2011.11.29 05:27:28.998,1.37884,1.37912,2.25,2.25
2011.11.29 05:27:29.567,1.37887,1.37915,1.50,2.25
2011.11.29 05:27:29.925,1.37881,1.37907,2.25,1.50
2011.11.29 05:27:30.046,1.37884,1.3791,2.25,2.25
2011.11.29 05:27:34.693,1.37881,1.37907,2.25,1.50
2011.11.29 05:27:35.035,1.37881,1.37907,2.25,1.50
2011.11.29 05:27:35.595,1.37881,1.37907,2.25,1.50
2011.11.29 05:27:36.916,1.37877,1.37903,2.25,1.50
2011.11.29 05:27:37.146,1.3788,1.37908,2.25,1.50
2011.11.29 05:27:37.484,1.37882,1.3791,2.25,2.25
2011.11.29 05:27:38.451,1.3788,1.37908,2.25,2.25
2011.11.29 05:27:38.914,1.37876,1.37901,1.50,1.50
2011.11.29 05:27:40.150,1.37876,1.37901,1.50,1.50
2011.11.29 05:27:41.250,1.37878,1.37906,2.25,1.50
2011.11.29 05:27:42.293,1.37878,1.37906,2.25,1.50
2011.11.29 05:27:42.853,1.37878,1.37906,2.25,1.50
2011.11.29 05:27:42.975,1.37878,1.37906,2.25,1.50
2011.11.29 05:27:43.545,1.37878,1.37906,2.25,1.50
2011.11.29 05:27:44.148,1.37877,1.37903,2.25,1.50
2011.11.29 05:27:44.572,1.37879,1.37905,2.25,1.50
2011.11.29 05:27:44.810,1.37884,1.3791,2.25,1.50
2011.11.29 05:27:44.938,1.37885,1.37913,2.25,2.25
2011.11.29 05:27:45.060,1.37885,1.37913,2.25,2.25
2011.11.29 05:27:45.403,1.37884,1.37912,2.25,1.50
2011.11.29 05:27:46.685,1.37884,1.37912,2.25,1.50
2011.11.29 05:27:47.293,1.37887,1.37914,2.25,1.50
2011.11.29 05:27:47.824,1.37883,1.37909,2.25,1.50
2011.11.29 05:27:47.946,1.37883,1.37909,2.25,1.50
2011.11.29 05:27:51.392,1.3788,1.37908,2.25,1.50
2011.11.29 05:27:52.988,1.3788,1.37908,2.25,2.25
2011.11.29 05:27:53.338,1.37868,1.37894,2.25,1.50
2011.11.29 05:27:53.685,1.3787,1.37896,2.25,1.50
2011.11.29 05:27:55.606,1.37872,1.379,2.25,1.50
2011.11.29 05:27:55.839,1.37872,1.379,2.25,1.50
2011.11.29 05:27:55.957,1.37871,1.37897,2.25,1.50
2011.11.29 05:27:56.295,1.37871,1.37897,2.25,1.50
2011.11.29 05:27:56.412,1.37872,1.379,2.25,1.50
2011.11.29 05:27:58.164,1.37869,1.37897,2.25,1.50
2011.11.29 05:27:58.532,1.37867,1.37895,2.25,1.50
2011.11.29 05:28:00.064,1.37869,1.37897,2.25,1.50
2011.11.29 05:28:00.527,1.37875,1.37901,2.25,1.50
2011.11.29 05:28:00.648,1.37878,1.37905,2.25,2.25
2011.11.29 05:28:00.770,1.3787,1.37898,2.25,1.50
2011.11.29 05:28:02.256,1.3787,1.37898,2.25,1.50
2011.11.29 05:28:03.476,1.37867,1.37895,2.25,1.50
2011.11.29 05:28:08.112,1.37871,1.37897,2.25,1.50
2011.11.29 05:28:09.482,1.37872,1.379,2.25,1.50
2011.11.29 05:28:10.230,1.3787,1.37898,2.25,1.50
2011.11.29 05:28:10.353,1.37872,1.379,2.25,1.50
2011.11.29 05:28:10.474,1.37872,1.379,2.25,1.50
2011.11.29 05:28:13.496,1.3787,1.37896,2.25,1.50
2011.11.29 05:28:14.334,1.37873,1.37899,2.25,1.50
2011.11.29 05:28:14.564,1.37876,1.37902,2.25,1.50
2011.11.29 05:28:15.664,1.37879,1.37905,2.25,3.00
2011.11.29 05:28:16.868,1.37879,1.37905,2.25,2.25
2011.11.29 05:28:18.503,1.37881,1.37905,2.25,1.50
2011.11.29 05:28:24.995,1.37874,1.37902,2.25,1.50
2011.11.29 05:28:26.765,1.37877,1.37905,2.25,3.00
2011.11.29 05:28:32.193,1.37874,1.37902,2.25,1.50
2011.11.29 05:28:33.303,1.37878,1.37904,2.25,2.25
2011.11.29 05:28:38.559,1.37878,1.37904,1.50,1.50
2011.11.29 05:28:39.324,1.37878,1.37904,1.50,1.50
2011.11.29 05:28:39.450,1.37879,1.37904,1.50,1.50
2011.11.29 05:28:40.195,1.37877,1.37904,1.50,1.50
2011.11.29 05:28:40.613,1.37879,1.37907,1.50,2.25
2011.11.29 05:28:40.926,1.37879,1.37907,2.25,1.50
2011.11.29 05:28:43.725,1.37879,1.37907,2.25,2.25
2011.11.29 05:28:43.847,1.37874,1.37902,2.25,1.50
2011.11.29 05:28:47.457,1.37874,1.37902,2.25,1.50
2011.11.29 05:28:48.109,1.37877,1.37905,2.25,1.50
2011.11.29 05:28:48.448,1.37875,1.37901,2.25,1.50
2011.11.29 05:28:49.229,1.37875,1.37901,2.25,1.50
2011.11.29 05:28:51.120,1.37875,1.37901,2.25,1.50
2011.11.29 05:29:06.449,1.37875,1.37901,2.25,1.50
2011.11.29 05:29:06.688,1.37871,1.37897,2.25,1.50
2011.11.29 05:29:07.012,1.37872,1.379,2.25,1.50
2011.11.29 05:29:08.275,1.37869,1.37897,2.25,1.50
2011.11.29 05:29:08.631,1.37873,1.37899,2.25,1.50
2011.11.29 05:29:09.329,1.37868,1.37894,1.88,1.50
2011.11.29 05:29:09.913,1.37868,1.37896,2.25,1.50
2011.11.29 05:29:13.446,1.37868,1.37896,1.50,2.25
2011.11.29 05:29:13.567,1.3786,1.37886,1.50,2.25
2011.11.29 05:29:14.043,1.37863,1.37889,2.25,1.50
2011.11.29 05:29:14.228,1.37867,1.37893,2.25,1.50
2011.11.29 05:29:16.315,1.37867,1.37893,2.25,1.50
2011.11.29 05:29:18.592,1.37867,1.37893,1.50,2.25
2011.11.29 05:29:19.045,1.37867,1.37893,2.25,2.25
2011.11.29 05:29:19.606,1.37867,1.37893,1.50,2.25
2011.11.29 05:29:21.642,1.37863,1.37891,2.25,1.50
2011.11.29 05:29:24.512,1.37863,1.37891,2.25,1.50
2011.11.29 05:29:25.075,1.37863,1.37891,2.25,1.50
2011.11.29 05:29:25.197,1.37861,1.37887,2.25,1.50
2011.11.29 05:29:26.009,1.37857,1.37885,2.25,1.50
2011.11.29 05:29:26.593,1.37857,1.37885,2.25,1.50
2011.11.29 05:29:27.045,1.37857,1.37885,2.25,1.50
2011.11.29 05:29:27.397,1.37861,1.37889,2.25,2.25
2011.11.29 05:29:29.035,1.37861,1.37889,2.25,1.50
2011.11.29 05:29:29.276,1.37868,1.37896,2.25,1.50
2011.11.29 05:29:29.616,1.37866,1.37894,2.25,1.50
2011.11.29 05:29:30.409,1.37866,1.37894,2.25,1.50
2011.11.29 05:29:30.976,1.37867,1.37893,2.25,1.50
2011.11.29 05:29:33.065,1.37871,1.37897,2.25,1.50
2011.11.29 05:29:33.656,1.37868,1.37894,2.25,1.50
2011.11.29 05:29:34.187,1.37868,1.37894,2.25,1.50
2011.11.29 05:29:35.445,1.37865,1.37891,2.25,1.50
2011.11.29 05:29:36.372,1.37865,1.37891,2.25,1.50
2011.11.29 05:29:36.608,1.37861,1.37889,2.25,1.50
2011.11.29 05:29:37.913,1.37864,1.37892,2.25,1.50
2011.11.29 05:29:39.208,1.37864,1.37892,2.25,1.50
2011.11.29 05:29:39.448,1.37868,1.37895,1.50,1.50
2011.11.29 05:29:39.567,1.3788,1.37907,2.25,1.50
2011.11.29 05:29:39.689,1.37883,1.37907,1.50,1.50
2011.11.29 05:29:39.926,1.37886,1.37912,2.25,1.50
2011.11.29 05:29:40.157,1.37883,1.37909,2.25,1.50
2011.11.29 05:29:40.743,1.37883,1.37909,2.25,1.50
2011.11.29 05:29:41.907,1.37881,1.37907,2.25,1.50
2011.11.29 05:29:42.035,1.37881,1.37907,2.25,1.50
2011.11.29 05:29:42.158,1.37881,1.37907,2.25,2.25
2011.11.29 05:29:42.755,1.37877,1.37905,2.25,1.50
2011.11.29 05:29:45.275,1.37879,1.37907,2.25,2.25
2011.11.29 05:29:45.395,1.37879,1.37907,2.25,1.50
2011.11.29 05:29:45.797,1.37877,1.37905,2.25,1.50
2011.11.29 05:29:46.211,1.37877,1.37905,2.25,1.50
2011.11.29 05:29:46.334,1.37879,1.37907,2.25,1.50
2011.11.29 05:29:46.456,1.37878,1.37904,2.25,1.50
2011.11.29 05:29:47.836,1.37878,1.37904,2.25,1.50
2011.11.29 05:29:48.055,1.37878,1.37904,2.25,1.50
2011.11.29 05:29:48.325,1.37878,1.37904,2.25,1.50
2011.11.29 05:29:48.996,1.37878,1.37904,2.25,1.50
2011.11.29 05:29:49.119,1.3788,1.37906,2.25,2.25
2011.11.29 05:29:49.672,1.3788,1.37906,2.25,1.50
2011.11.29 05:29:49.905,1.37877,1.37905,2.25,1.50
2011.11.29 05:29:50.435,1.37877,1.37905,2.25,1.50
2011.11.29 05:29:50.936,1.37877,1.37905,2.25,1.50
2011.11.29 05:29:51.167,1.37877,1.37905,2.25,2.25
2011.11.29 05:29:51.395,1.37875,1.37901,2.25,1.50
2011.11.29 05:29:53.029,1.37871,1.37899,2.25,1.50
2011.11.29 05:29:53.407,1.37869,1.37895,2.25,1.50
2011.11.29 05:29:53.635,1.37877,1.37905,1.50,2.25
2011.11.29 05:29:54.066,1.37877,1.37905,2.25,2.25
2011.11.29 05:29:54.764,1.37876,1.37904,2.25,2.25
2011.11.29 05:29:58.304,1.37876,1.37904,2.25,1.50
2011.11.29 05:30:00.435,1.37876,1.37904,2.25,1.50
2011.11.29 05:30:02.586,1.37876,1.37904,2.25,2.25
2011.11.29 05:30:02.924,1.37874,1.379,2.25,1.50
2011.11.29 05:30:03.891,1.3787,1.37898,2.25,2.25
2011.11.29 05:30:04.018,1.37872,1.379,2.25,1.50
2011.11.29 05:30:04.246,1.37872,1.379,2.25,1.50
2011.11.29 05:30:04.366,1.37871,1.37897,2.25,1.50
2011.11.29 05:30:11.720,1.37878,1.37906,2.25,3.00
2011.11.29 05:30:11.958,1.37878,1.37906,2.25,3.00
2011.11.29 05:30:12.195,1.37878,1.37906,2.25,3.00
2011.11.29 05:30:14.647,1.37874,1.379,2.25,1.50
2011.11.29 05:30:16.396,1.37876,1.37902,2.25,1.50
2011.11.29 05:30:16.626,1.37879,1.37905,2.25,1.50
2011.11.29 05:30:18.213,1.37876,1.37904,2.25,1.50
2011.11.29 05:30:18.747,1.37876,1.37904,2.25,1.50
2011.11.29 05:30:18.868,1.37884,1.3791,2.25,2.25
2011.11.29 05:30:18.985,1.37884,1.3791,2.25,1.50
2011.11.29 05:30:19.368,1.3788,1.37908,2.25,1.50
2011.11.29 05:30:21.754,1.3788,1.37908,2.25,1.50
2011.11.29 05:30:21.876,1.37888,1.37914,1.50,2.25
2011.11.29 05:30:21.996,1.37888,1.37914,2.25,2.25
2011.11.29 05:30:22.337,1.37888,1.37914,1.50,2.25
2011.11.29 05:30:22.863,1.37884,1.3791,2.25,1.50
2011.11.29 05:30:23.152,1.37884,1.3791,2.25,1.50
2011.11.29 05:30:23.569,1.37884,1.3791,2.25,1.50
2011.11.29 05:30:24.103,1.37885,1.37913,2.25,1.50
2011.11.29 05:30:24.225,1.37888,1.37916,2.25,2.25
2011.11.29 05:30:24.344,1.37888,1.37916,2.25,2.25
2011.11.29 05:30:24.685,1.37888,1.37916,2.25,2.25
2011.11.29 05:30:24.919,1.37888,1.37916,2.25,2.25
2011.11.29 05:30:25.781,1.37888,1.37916,2.25,2.25
2011.11.29 05:30:26.869,1.37888,1.37916,2.25,1.50
2011.11.29 05:30:27.449,1.37895,1.37921,1.50,2.25
2011.11.29 05:30:28.017,1.37891,1.37919,2.25,1.50
2011.11.29 05:30:28.377,1.37891,1.37919,2.25,2.25
2011.11.29 05:30:28.728,1.37889,1.37915,2.25,1.50
2011.11.29 05:30:29.332,1.37889,1.37915,2.25,1.50
2011.11.29 05:30:32.716,1.37889,1.37915,2.25,1.50
2011.11.29 05:30:32.837,1.37892,1.37918,2.25,1.50
2011.11.29 05:30:33.177,1.37892,1.37918,2.25,1.50
2011.11.29 05:30:33.293,1.37892,1.37918,2.25,1.50
2011.11.29 05:30:33.830,1.37892,1.37918,2.25,1.50
2011.11.29 05:30:34.679,1.37892,1.37918,2.25,1.50
2011.11.29 05:30:35.047,1.37892,1.37918,2.25,1.50
2011.11.29 05:30:35.278,1.37892,1.37918,2.25,1.50
2011.11.29 05:30:35.796,1.37892,1.37918,2.25,1.50
2011.11.29 05:30:36.135,1.37896,1.37924,2.25,1.50
2011.11.29 05:30:36.746,1.37904,1.3793,1.50,2.25
2011.11.29 05:30:36.976,1.37906,1.37932,2.25,2.25
2011.11.29 05:30:37.523,1.37906,1.37932,2.25,1.50
2011.11.29 05:30:37.754,1.37909,1.37935,2.25,2.25
2011.11.29 05:30:42.027,1.37906,1.37932,2.25,1.50
2011.11.29 05:30:42.324,1.37906,1.37932,2.25,1.50
2011.11.29 05:30:42.445,1.37907,1.3793,1.50,1.50
2011.11.29 05:30:42.566,1.3791,1.37936,2.25,2.25
2011.11.29 05:30:42.806,1.37908,1.37931,1.50,1.50
2011.11.29 05:30:43.277,1.37901,1.37929,2.25,1.50
2011.11.29 05:30:43.878,1.37901,1.37929,2.25,1.50
2011.11.29 05:30:45.099,1.37901,1.37929,2.25,1.50
2011.11.29 05:30:48.738,1.37904,1.37932,2.25,2.25
2011.11.29 05:30:48.858,1.37902,1.37928,2.25,1.50
2011.11.29 05:30:49.386,1.37902,1.37928,2.25,1.50
2011.11.29 05:30:50.188,1.37905,1.37928,3.00,1.50
2011.11.29 05:30:50.435,1.37911,1.37937,2.25,1.50
2011.11.29 05:30:50.675,1.3791,1.37935,1.50,1.50
2011.11.29 05:30:50.798,1.37907,1.37935,3.00,2.25
2011.11.29 05:30:51.363,1.37907,1.37932,1.50,1.50
2011.11.29 05:30:52.609,1.37904,1.37932,2.25,1.50
2011.11.29 05:30:52.959,1.3791,1.37938,1.50,2.25
2011.11.29 05:30:53.368,1.37913,1.37938,3.00,1.50
2011.11.29 05:30:53.495,1.37918,1.37945,1.50,1.50
2011.11.29 05:30:54.827,1.37917,1.37945,3.00,2.25
2011.11.29 05:30:55.181,1.3792,1.37946,2.25,1.50
2011.11.29 05:30:55.545,1.37918,1.37944,2.25,2.25
2011.11.29 05:30:55.919,1.37918,1.37944,2.25,2.25
2011.11.29 05:30:57.100,1.3792,1.37944,1.50,1.50
2011.11.29 05:30:57.219,1.3792,1.37947,1.50,1.50
2011.11.29 05:30:57.337,1.37922,1.3795,2.25,2.25
2011.11.29 05:30:57.458,1.37922,1.3795,2.25,2.25
2011.11.29 05:30:57.794,1.3792,1.37946,3.00,1.50
2011.11.29 05:30:58.134,1.37915,1.37941,2.25,1.50
2011.11.29 05:30:58.255,1.37911,1.37939,2.25,1.50
2011.11.29 05:30:58.375,1.37911,1.37939,2.25,1.50
2011.11.29 05:30:58.954,1.37917,1.37943,1.50,2.25
2011.11.29 05:30:59.185,1.37917,1.37943,2.25,2.25
2011.11.29 05:30:59.307,1.37919,1.37947,1.50,2.25
2011.11.29 05:31:00.450,1.3792,1.37946,1.50,2.25
2011.11.29 05:31:00.875,1.37923,1.37951,2.25,2.25
2011.11.29 05:31:00.997,1.37923,1.37951,2.25,2.25
2011.11.29 05:31:01.848,1.37921,1.37949,2.25,2.25
2011.11.29 05:31:04.714,1.37924,1.3795,2.25,2.25
2011.11.29 05:31:05.283,1.37924,1.3795,2.25,1.50
2011.11.29 05:31:05.911,1.37924,1.3795,2.25,1.50
2011.11.29 05:31:06.051,1.37931,1.37959,1.50,2.25
2011.11.29 05:31:06.539,1.3793,1.37958,2.25,2.25
2011.11.29 05:31:06.658,1.37936,1.37962,1.50,2.25
2011.11.29 05:31:06.993,1.37931,1.37957,1.50,2.25
2011.11.29 05:31:07.418,1.37935,1.37963,1.50,2.25
2011.11.29 05:31:07.739,1.37939,1.37967,2.25,1.50
2011.11.29 05:31:08.064,1.37939,1.37966,2.25,1.50
2011.11.29 05:31:08.188,1.37939,1.37967,2.25,1.50
2011.11.29 05:31:08.420,1.37939,1.37967,2.25,2.25
2011.11.29 05:31:09.023,1.37942,1.3797,2.25,2.25
2011.11.29 05:31:09.271,1.3795,1.37976,1.50,3.00
2011.11.29 05:31:09.883,1.3795,1.37976,1.50,2.25
2011.11.29 05:31:10.029,1.37935,1.37962,1.50,2.25
2011.11.29 05:31:10.389,1.37934,1.37961,2.25,1.50
2011.11.29 05:31:10.748,1.37924,1.37952,1.50,2.25
2011.11.29 05:31:10.870,1.37918,1.37944,2.25,1.50
2011.11.29 05:31:10.998,1.37918,1.37944,2.25,2.25
2011.11.29 05:31:11.237,1.37917,1.37941,1.50,1.50
2011.11.29 05:31:11.844,1.37917,1.37941,1.50,1.50
2011.11.29 05:31:12.405,1.37917,1.37941,1.50,1.50
2011.11.29 05:31:13.063,1.37917,1.37941,1.50,1.50
2011.11.29 05:31:13.404,1.37918,1.37944,2.25,2.25
2011.11.29 05:31:13.533,1.37923,1.37949,2.25,2.25
2011.11.29 05:31:13.892,1.37926,1.37952,1.50,2.25
2011.11.29 05:31:14.024,1.37928,1.37956,2.25,1.50
2011.11.29 05:31:14.754,1.37925,1.37951,2.25,1.50
2011.11.29 05:31:15.107,1.37917,1.37945,2.25,1.50
2011.11.29 05:31:15.227,1.37917,1.37945,2.25,1.50
2011.11.29 05:31:15.567,1.37913,1.37941,2.25,1.50
2011.11.29 05:31:16.146,1.37913,1.37941,2.25,2.25
2011.11.29 05:31:16.267,1.37912,1.37938,2.25,1.50
2011.11.29 05:31:16.498,1.37913,1.37941,2.25,2.25
2011.11.29 05:31:16.863,1.37911,1.37939,2.25,1.50
2011.11.29 05:31:16.992,1.37914,1.37942,2.25,1.50
2011.11.29 05:31:18.064,1.37916,1.37944,2.25,1.50
2011.11.29 05:31:18.461,1.37914,1.3794,1.50,2.25
2011.11.29 05:31:19.034,1.37912,1.37938,2.25,1.50
2011.11.29 05:31:19.843,1.37912,1.37938,2.25,1.50
2011.11.29 05:31:21.599,1.37912,1.37938,2.25,2.25
2011.11.29 05:31:21.838,1.37914,1.37942,2.25,2.25
2011.11.29 05:31:23.559,1.37914,1.37942,2.25,2.25
2011.11.29 05:31:23.674,1.37918,1.37944,1.50,2.25
2011.11.29 05:31:24.016,1.3792,1.37946,2.25,2.25
2011.11.29 05:31:25.658,1.37914,1.3794,2.25,2.25
2011.11.29 05:31:25.786,1.37917,1.37943,2.25,2.25
2011.11.29 05:31:25.904,1.37917,1.37943,2.25,1.50
2011.11.29 05:31:26.138,1.37917,1.37943,2.25,2.25
2011.11.29 05:31:27.025,1.37915,1.37941,2.25,1.50
2011.11.29 05:31:27.260,1.37915,1.37941,2.25,1.50
2011.11.29 05:31:28.537,1.37915,1.37941,2.25,1.50
2011.11.29 05:31:29.095,1.37915,1.37941,2.25,1.50
2011.11.29 05:31:29.545,1.37917,1.37943,2.25,2.25
2011.11.29 05:31:32.754,1.37917,1.37943,2.25,1.50
2011.11.29 05:31:33.834,1.3792,1.37946,2.25,2.25
2011.11.29 05:31:34.425,1.3792,1.37946,2.25,2.25
2011.11.29 05:31:34.769,1.3792,1.37942,1.50,2.25
2011.11.29 05:31:35.118,1.37913,1.37941,2.25,2.25
2011.11.29 05:31:35.565,1.37904,1.37932,3.00,1.50
2011.11.29 05:31:35.685,1.37904,1.37932,2.25,1.50
2011.11.29 05:31:36.024,1.37912,1.37938,2.25,2.25
2011.11.29 05:31:38.398,1.37913,1.37941,2.25,2.25
2011.11.29 05:31:38.516,1.37913,1.37941,2.25,2.25
2011.11.29 05:31:45.537,1.37913,1.37941,2.25,1.50
2011.11.29 05:31:46.042,1.37913,1.37941,2.25,2.25
2011.11.29 05:31:49.119,1.37919,1.37943,1.50,1.82
2011.11.29 05:31:49.565,1.37915,1.37943,2.25,2.94
2011.11.29 05:31:50.127,1.37912,1.3794,2.25,2.25
2011.11.29 05:31:59.056,1.37914,1.3794,1.50,1.50
2011.11.29 05:31:59.653,1.37913,1.37939,3.00,2.25
2011.11.29 05:32:03.730,1.37912,1.37934,1.50,1.50
2011.11.29 05:32:03.860,1.37908,1.37934,2.40,1.50
2011.11.29 05:32:03.985,1.37904,1.3793,2.25,2.25
2011.11.29 05:32:04.228,1.37899,1.37925,2.55,2.25
2011.11.29 05:32:04.699,1.37895,1.37923,1.50,2.25
2011.11.29 05:32:04.818,1.37896,1.37922,2.25,2.25
2011.11.29 05:32:05.374,1.37896,1.37922,2.25,1.50
2011.11.29 05:32:05.990,1.37896,1.37922,2.25,2.25
2011.11.29 05:32:06.335,1.37896,1.37922,2.25,2.25
2011.11.29 05:32:06.904,1.37896,1.37922,1.50,2.25
2011.11.29 05:32:07.376,1.37894,1.3792,2.25,2.25
2011.11.29 05:32:08.855,1.37894,1.3792,2.25,1.50
2011.11.29 05:32:08.977,1.37896,1.37924,2.25,2.25
2011.11.29 05:32:09.095,1.37896,1.37924,2.25,2.25
2011.11.29 05:32:09.495,1.37894,1.3792,2.25,2.25
2011.11.29 05:32:10.017,1.37894,1.3792,2.25,2.25
2011.11.29 05:32:10.574,1.37894,1.3792,1.50,2.94
2011.11.29 05:32:10.696,1.37891,1.37917,1.50,2.25
2011.11.29 05:32:11.647,1.37891,1.37917,1.50,2.25
2011.11.29 05:32:11.769,1.37887,1.37915,2.25,2.25
2011.11.29 05:32:11.994,1.37887,1.37914,1.50,1.44
2011.11.29 05:32:13.094,1.37892,1.37914,1.50,1.44
2011.11.29 05:32:13.215,1.37892,1.37918,2.25,2.25
2011.11.29 05:32:14.015,1.37895,1.3792,1.50,1.44
2011.11.29 05:32:17.625,1.37892,1.37918,2.25,2.25
2011.11.29 05:32:19.797,1.37896,1.37921,1.50,1.82
2011.11.29 05:32:20.347,1.37896,1.37921,1.50,1.82
2011.11.29 05:32:22.824,1.37896,1.3792,1.50,1.13
2011.11.29 05:32:22.946,1.37893,1.3792,2.25,1.82
2011.11.29 05:32:23.995,1.37893,1.37917,2.25,1.07
2011.11.29 05:32:24.914,1.37893,1.37916,1.50,1.44
2011.11.29 05:32:25.034,1.3789,1.37914,1.50,1.50
2011.11.29 05:32:25.581,1.3789,1.37916,2.25,2.94
2011.11.29 05:32:26.145,1.3789,1.37916,3.00,2.25
2011.11.29 05:32:26.703,1.3789,1.37916,2.25,2.25
2011.11.29 05:32:28.169,1.3789,1.37916,1.50,2.94
2011.11.29 05:32:28.743,1.37887,1.37915,2.25,2.25
2011.11.29 05:32:29.354,1.37887,1.37915,2.25,2.25
2011.11.29 05:32:37.707,1.37884,1.37912,2.25,1.50
2011.11.29 05:32:39.098,1.37888,1.37914,2.25,2.19
2011.11.29 05:32:41.931,1.37889,1.37917,3.00,2.94
2011.11.29 05:32:43.377,1.37893,1.37917,1.50,1.44
2011.11.29 05:32:43.607,1.37891,1.37917,1.50,2.94
2011.11.29 05:32:43.836,1.37891,1.37916,1.50,1.13
2011.11.29 05:32:44.175,1.37888,1.37914,2.25,2.25
2011.11.29 05:32:46.124,1.3789,1.37914,1.50,1.44
2011.11.29 05:32:47.126,1.37895,1.37921,1.50,1.44
2011.11.29 05:32:47.246,1.37895,1.37922,1.50,1.44
2011.11.29 05:32:47.716,1.37895,1.37922,1.50,1.44
2011.11.29 05:32:48.665,1.37894,1.3792,1.50,2.25
2011.11.29 05:32:48.788,1.3789,1.37918,3.00,2.25
2011.11.29 05:32:49.806,1.3789,1.37918,2.25,2.25
2011.11.29 05:32:50.465,1.3789,1.37918,2.25,2.25
2011.11.29 05:32:58.034,1.37889,1.37917,2.25,2.25
2011.11.29 05:32:58.384,1.37884,1.3791,2.25,1.50
2011.11.29 05:33:01.688,1.37886,1.37912,2.25,1.50
2011.11.29 05:33:01.926,1.37892,1.37918,1.50,2.25
2011.11.29 05:33:02.381,1.37892,1.37918,1.50,2.25
2011.11.29 05:33:03.668,1.37898,1.37919,1.50,1.50
2011.11.29 05:33:03.788,1.37898,1.37919,1.50,1.50
2011.11.29 05:33:04.685,1.37895,1.37919,1.50,1.50
2011.11.29 05:33:05.457,1.37897,1.37919,1.50,1.50
2011.11.29 05:33:07.579,1.37897,1.37919,1.50,1.50
2011.11.29 05:33:08.175,1.379,1.37919,1.50,1.50
2011.11.29 05:33:08.733,1.37898,1.3792,1.50,1.50
2011.11.29 05:33:10.387,1.379,1.3792,1.50,1.50
2011.11.29 05:33:14.737,1.379,1.37926,1.50,3.00
2011.11.29 05:33:15.315,1.379,1.37926,1.50,3.00
2011.11.29 05:33:15.666,1.37898,1.37924,1.50,2.25
2011.11.29 05:33:19.453,1.37898,1.37924,1.50,2.25
2011.11.29 05:33:21.591,1.37894,1.37922,2.25,2.25
2011.11.29 05:33:22.493,1.37896,1.37924,1.50,2.25
2011.11.29 05:33:23.615,1.37897,1.37923,1.50,2.25
2011.11.29 05:33:25.763,1.37895,1.37921,2.25,2.25
2011.11.29 05:33:26.873,1.37895,1.37921,2.25,2.25
2011.11.29 05:33:28.924,1.37892,1.37918,2.25,1.50
2011.11.29 05:33:29.522,1.37892,1.37918,2.25,2.94
2011.11.29 05:33:30.473,1.37892,1.37918,2.25,2.25
2011.11.29 05:33:35.816,1.37892,1.37918,2.25,1.50
2011.11.29 05:33:39.547,1.37888,1.37916,2.25,1.50
2011.11.29 05:33:41.379,1.37881,1.37907,2.25,1.50
2011.11.29 05:33:41.499,1.37881,1.37907,2.25,2.19
2011.11.29 05:33:41.867,1.37878,1.37904,2.25,1.50
2011.11.29 05:33:41.995,1.37878,1.37904,2.25,1.50
2011.11.29 05:33:42.557,1.3788,1.37906,2.25,2.57
2011.11.29 05:33:42.675,1.3788,1.37906,2.25,1.88
2011.11.29 05:33:43.015,1.37878,1.37904,2.25,1.50
2011.11.29 05:33:46.028,1.37879,1.37907,2.25,2.19
2011.11.29 05:33:46.152,1.37882,1.3791,2.25,2.19
2011.11.29 05:33:46.280,1.37885,1.37913,2.25,2.19
2011.11.29 05:33:46.963,1.37885,1.37913,2.25,2.57
2011.11.29 05:33:47.387,1.37885,1.37913,2.25,2.57
2011.11.29 05:33:47.937,1.37885,1.37913,2.25,1.50
2011.11.29 05:33:48.166,1.37888,1.37916,2.25,1.50
2011.11.29 05:33:48.503,1.37887,1.37913,2.25,1.50
2011.11.29 05:33:52.329,1.37887,1.37913,2.25,1.50
2011.11.29 05:33:52.554,1.37887,1.37912,2.25,1.07
2011.11.29 05:33:53.423,1.37887,1.37912,2.25,1.07
2011.11.29 05:33:54.792,1.37887,1.37912,2.25,1.07
2011.11.29 05:33:55.415,1.37882,1.3791,2.25,1.50
2011.11.29 05:33:57.251,1.37893,1.37919,2.25,3.32
2011.11.29 05:33:58.427,1.37893,1.37919,2.25,2.94
2011.11.29 05:34:00.943,1.37893,1.37919,2.25,2.25
2011.11.29 05:34:01.513,1.37893,1.37919,2.25,2.94
2011.11.29 05:34:02.168,1.37893,1.37919,2.25,2.94
2011.11.29 05:34:02.982,1.37896,1.3792,1.50,1.50
2011.11.29 05:34:04.757,1.37893,1.37919,2.25,2.25
2011.11.29 05:34:05.424,1.3789,1.37918,2.25,1.50
2011.11.29 05:34:06.846,1.37892,1.3792,2.25,3.00
2011.11.29 05:34:07.076,1.37891,1.37917,2.25,1.50
2011.11.29 05:34:07.992,1.37893,1.37919,2.25,2.25
2011.11.29 05:34:10.814,1.37899,1.3792,1.50,1.50
2011.11.29 05:34:11.330,1.37899,1.37925,1.50,2.25
2011.11.29 05:34:16.632,1.37891,1.37919,2.25,1.50
2011.11.29 05:34:22.204,1.37895,1.37921,2.25,2.25
2011.11.29 05:34:22.594,1.37899,1.37922,1.50,1.13
2011.11.29 05:34:22.715,1.37897,1.37922,2.25,1.13
2011.11.29 05:34:32.358,1.37897,1.37923,2.25,2.19
2011.11.29 05:34:32.914,1.37897,1.37923,2.25,1.50
2011.11.29 05:34:38.474,1.37894,1.37922,2.25,1.50
2011.11.29 05:34:41.306,1.37894,1.37922,2.25,2.25
2011.11.29 05:34:41.429,1.37894,1.37921,2.25,1.44
2011.11.29 05:34:41.655,1.37892,1.37918,2.25,1.50
2011.11.29 05:34:42.009,1.37892,1.37918,2.25,1.50
2011.11.29 05:34:42.788,1.37894,1.37922,2.25,2.94
2011.11.29 05:34:43.806,1.37894,1.37922,2.25,2.19
2011.11.29 05:34:44.373,1.37894,1.37922,2.25,2.19
2011.11.29 05:34:45.184,1.37894,1.37922,2.25,2.19
2011.11.29 05:34:45.783,1.37894,1.37922,2.25,2.19
2011.11.29 05:34:46.485,1.37894,1.37922,2.25,2.19
2011.11.29 05:34:49.683,1.37894,1.37922,2.25,2.19
2011.11.29 05:34:50.362,1.37894,1.37922,2.25,2.19
2011.11.29 05:34:55.476,1.37897,1.37924,2.25,1.44
2011.11.29 05:34:57.485,1.37897,1.37924,1.50,1.44
2011.11.29 05:34:58.083,1.37897,1.37924,2.25,1.44
