2017.11.29 19:00:00.080,1.52428,1.52448,1.50,1.00
2017.11.29 19:00:00.184,1.52431,1.52451,1.00,3.00
2017.11.29 19:00:00.788,1.52429,1.52451,1.12,3.75
2017.11.29 19:00:01.096,1.52431,1.52452,3.00,1.25
2017.11.29 19:00:01.403,1.52434,1.52455,1.69,1.19
2017.11.29 19:00:01.729,1.52434,1.52453,1.00,1.87
2017.11.29 19:00:02.252,1.52434,1.52452,1.00,1.00
2017.11.29 19:00:02.789,1.52434,1.52454,1.00,2.44
2017.11.29 19:00:03.188,1.52434,1.52455,1.69,1.00
2017.11.29 19:00:03.291,1.52435,1.52456,1.75,2.44
2017.11.29 19:00:04.944,1.52434,1.52454,2.44,1.25
2017.11.29 19:00:05.047,1.52434,1.52454,1.31,2.44
2017.11.29 19:00:05.395,1.52434,1.52454,1.69,1.31
2017.11.29 19:00:05.498,1.52436,1.52456,1.75,2.44
2017.11.29 19:00:05.702,1.52434,1.52455,1.50,1.19
2017.11.29 19:00:06.009,1.52435,1.52456,1.75,2.81
2017.11.29 19:00:06.437,1.52435,1.52456,2.00,2.81
2017.11.29 19:00:06.760,1.52438,1.52459,1.31,1.19
2017.11.29 19:00:06.813,1.52441,1.52459,1.25,1.00
2017.11.29 19:00:06.865,1.52442,1.52462,1.87,2.44
2017.11.29 19:00:06.967,1.52442,1.52462,2.25,1.19
2017.11.29 19:00:08.215,1.52442,1.52464,2.44,1.31
2017.11.29 19:00:10.893,1.52443,1.52463,1.00,1.94
2017.11.29 19:00:12.194,1.52443,1.52463,1.69,1.75
2017.11.29 19:00:12.501,1.52451,1.52471,1.00,5.44
2017.11.29 19:00:12.707,1.52446,1.52463,1.12,1.19
2017.11.29 19:00:13.689,1.52447,1.52465,1.00,1.12
2017.11.29 19:00:13.903,1.52448,1.52465,1.00,1.12
2017.11.29 19:00:14.277,1.52446,1.52465,2.81,1.31
2017.11.29 19:00:14.484,1.52448,1.52463,1.00,1.12
2017.11.29 19:00:14.536,1.52445,1.52464,1.50,2.25
2017.11.29 19:00:15.243,1.52446,1.52465,1.25,1.69
2017.11.29 19:00:18.577,1.52446,1.52463,1.25,1.00
2017.11.29 19:00:18.630,1.52448,1.52463,1.00,1.00
2017.11.29 19:00:18.681,1.52448,1.52465,1.00,1.87
2017.11.29 19:00:21.637,1.52448,1.52467,3.19,1.19
2017.11.29 19:00:21.792,1.52445,1.52462,2.62,1.00
2017.11.29 19:00:22.246,1.52446,1.52464,1.00,1.87
2017.11.29 19:00:23.262,1.52446,1.52463,1.00,1.00
2017.11.29 19:00:23.800,1.52445,1.52463,1.50,1.50
2017.11.29 19:00:24.143,1.52445,1.52461,1.00,1.37
2017.11.29 19:00:24.606,1.52441,1.5246,3.56,1.87
2017.11.29 19:00:25.482,1.52441,1.52456,1.12,1.00
2017.11.29 19:00:26.771,1.52441,1.52455,1.00,1.00
2017.11.29 19:00:26.823,1.52439,1.52455,1.25,1.00
2017.11.29 19:00:28.428,1.52439,1.52457,2.06,1.00
2017.11.29 19:00:29.545,1.5244,1.52456,1.69,1.00
2017.11.29 19:00:29.756,1.52443,1.52461,1.69,1.00
2017.11.29 19:00:29.860,1.52444,1.52464,1.31,2.25
2017.11.29 19:00:31.202,1.52444,1.52464,2.06,1.50
2017.11.29 19:00:31.305,1.52446,1.52465,2.06,1.00
2017.11.29 19:00:31.933,1.52447,1.52466,2.44,1.00
2017.11.29 19:00:31.985,1.52449,1.52468,1.12,2.25
2017.11.29 19:00:32.393,1.52448,1.52466,2.25,1.00
2017.11.29 19:00:32.945,1.52447,1.52465,1.69,1.00
2017.11.29 19:00:36.522,1.52451,1.52468,1.00,1.50
2017.11.29 19:00:37.061,1.5245,1.52468,1.44,1.87
2017.11.29 19:00:38.831,1.5245,1.52468,1.25,2.62
2017.11.29 19:00:38.883,1.52448,1.52466,2.62,1.00
2017.11.29 19:00:39.413,1.52447,1.52465,2.62,1.00
2017.11.29 19:00:40.410,1.52449,1.52467,1.00,1.50
2017.11.29 19:00:41.240,1.52447,1.52466,2.44,1.69
2017.11.29 19:00:41.344,1.52446,1.52457,1.50,1.25
2017.11.29 19:00:41.447,1.52436,1.52455,3.37,2.25
2017.11.29 19:00:41.498,1.5244,1.52455,1.50,1.00
2017.11.29 19:00:41.936,1.52443,1.52458,1.12,1.12
2017.11.29 19:00:42.293,1.52443,1.5246,1.31,1.00
2017.11.29 19:00:44.005,1.52443,1.5246,2.06,1.00
2017.11.29 19:00:44.337,1.52442,1.52457,3.19,1.00
2017.11.29 19:00:44.441,1.52442,1.52455,1.00,1.87
2017.11.29 19:00:44.493,1.52437,1.52454,1.69,1.00
2017.11.29 19:00:44.853,1.52441,1.52457,1.00,1.00
2017.11.29 19:00:45.390,1.5244,1.52456,1.00,1.00
2017.11.29 19:00:45.923,1.5244,1.52457,1.50,1.00
2017.11.29 19:00:47.016,1.52442,1.52457,1.25,1.00
2017.11.29 19:00:47.067,1.52443,1.52459,1.00,1.12
2017.11.29 19:00:47.681,1.52443,1.52459,1.19,1.00
2017.11.29 19:00:47.834,1.52443,1.52456,1.19,1.00
2017.11.29 19:00:48.551,1.52443,1.52456,1.31,1.00
2017.11.29 19:00:49.034,1.52443,1.52458,1.31,1.00
2017.11.29 19:00:49.150,1.52443,1.52458,1.31,1.00
2017.11.29 19:00:49.741,1.52444,1.52459,2.44,1.00
2017.11.29 19:00:50.267,1.52446,1.52461,2.06,1.00
2017.11.29 19:00:50.412,1.52448,1.52463,1.00,1.50
2017.11.29 19:00:50.721,1.52447,1.52459,1.00,1.00
2017.11.29 19:00:50.926,1.52448,1.52462,1.00,1.00
2017.11.29 19:00:50.978,1.52449,1.52462,1.50,1.00
2017.11.29 19:00:51.287,1.52452,1.52462,1.00,1.00
2017.11.29 19:00:51.815,1.52451,1.52462,1.00,1.00
2017.11.29 19:00:52.715,1.52451,1.52463,1.50,1.00
2017.11.29 19:00:53.811,1.52452,1.52463,1.00,1.00
2017.11.29 19:00:54.312,1.52451,1.52463,1.50,1.00
2017.11.29 19:00:54.866,1.52451,1.52464,1.50,1.00
2017.11.29 19:00:55.172,1.52453,1.52464,1.00,1.00
2017.11.29 19:00:55.763,1.52454,1.52465,1.00,1.00
2017.11.29 19:00:56.269,1.52454,1.52466,1.12,1.00
2017.11.29 19:00:59.705,1.52453,1.52465,1.00,1.00
2017.11.29 19:01:00.229,1.52452,1.52465,1.00,1.00
2017.11.29 19:01:00.740,1.52451,1.52466,2.25,1.00
2017.11.29 19:01:01.379,1.52452,1.52464,1.00,1.00
2017.11.29 19:01:01.882,1.52451,1.52464,1.87,1.00
2017.11.29 19:01:02.408,1.52452,1.52464,1.00,1.00
2017.11.29 19:01:02.938,1.52451,1.52462,1.12,1.00
2017.11.29 19:01:03.041,1.52448,1.52462,1.00,1.00
2017.11.29 19:01:03.552,1.52448,1.52461,1.00,1.00
2017.11.29 19:01:04.800,1.52448,1.5246,1.00,1.00
2017.11.29 19:01:04.852,1.52449,1.52462,1.00,1.00
2017.11.29 19:01:04.903,1.52449,1.52465,1.50,1.00
2017.11.29 19:01:05.006,1.5245,1.52463,1.00,1.00
2017.11.29 19:01:05.538,1.52448,1.52466,1.00,2.81
2017.11.29 19:01:06.057,1.52449,1.52466,1.00,2.81
2017.11.29 19:01:09.766,1.52453,1.5247,1.50,2.81
2017.11.29 19:01:10.097,1.52456,1.52472,1.00,1.00
2017.11.29 19:01:11.049,1.52457,1.5247,1.00,1.25
2017.11.29 19:01:11.152,1.52453,1.52472,1.00,3.94
2017.11.29 19:01:11.296,1.52454,1.52471,1.00,2.44
2017.11.29 19:01:11.503,1.52452,1.52469,1.00,2.44
2017.11.29 19:01:12.036,1.52452,1.52468,1.00,1.69
2017.11.29 19:01:13.898,1.5245,1.52468,1.00,2.44
2017.11.29 19:01:13.950,1.52454,1.5247,1.00,1.00
2017.11.29 19:01:14.222,1.52456,1.52473,1.12,1.50
2017.11.29 19:01:16.552,1.52458,1.52474,1.00,1.19
2017.11.29 19:01:16.708,1.52462,1.52479,1.50,1.31
2017.11.29 19:01:16.841,1.52462,1.52481,1.69,1.00
2017.11.29 19:01:17.181,1.5246,1.52479,1.69,1.69
2017.11.29 19:01:17.284,1.52458,1.52478,1.87,1.69
2017.11.29 19:01:17.800,1.5246,1.52478,1.00,1.69
2017.11.29 19:01:18.647,1.52459,1.52478,1.00,1.69
2017.11.29 19:01:19.528,1.52459,1.52476,1.25,1.00
2017.11.29 19:01:20.158,1.52456,1.52475,2.44,1.00
2017.11.29 19:01:20.260,1.52457,1.52477,1.69,1.50
2017.11.29 19:01:20.312,1.5246,1.52478,1.19,1.69
2017.11.29 19:01:20.415,1.52461,1.5248,2.06,1.00
2017.11.29 19:01:21.424,1.52461,1.5248,2.44,1.50
2017.11.29 19:01:21.673,1.52461,1.5248,3.19,1.50
2017.11.29 19:01:21.828,1.52466,1.52483,1.25,1.00
2017.11.29 19:01:22.035,1.52465,1.52483,1.00,2.25
2017.11.29 19:01:22.385,1.52467,1.52485,1.25,3.00
2017.11.29 19:01:23.312,1.52466,1.52483,1.00,1.12
2017.11.29 19:01:23.458,1.52464,1.52483,2.25,1.12
2017.11.29 19:01:24.553,1.52464,1.52483,1.00,2.44
2017.11.29 19:01:25.158,1.52467,1.52483,1.00,1.00
2017.11.29 19:01:25.209,1.52467,1.52485,1.00,1.00
2017.11.29 19:01:26.879,1.52468,1.52487,1.00,1.69
2017.11.29 19:01:26.931,1.5247,1.52488,1.00,1.12
2017.11.29 19:01:27.550,1.52468,1.52487,1.50,1.25
2017.11.29 19:01:28.645,1.52466,1.52484,1.50,2.44
2017.11.29 19:01:29.683,1.52465,1.52484,1.00,1.69
2017.11.29 19:01:29.990,1.52467,1.52485,1.00,1.00
2017.11.29 19:01:33.489,1.52466,1.52484,1.69,1.25
2017.11.29 19:01:33.796,1.52465,1.52482,1.00,1.12
2017.11.29 19:01:34.350,1.52466,1.52482,1.00,1.00
2017.11.29 19:01:35.139,1.52467,1.52482,1.12,1.00
2017.11.29 19:01:35.190,1.52467,1.52485,1.12,1.19
2017.11.29 19:01:35.879,1.52466,1.52485,1.50,1.50
2017.11.29 19:01:36.385,1.52465,1.52484,2.00,1.00
2017.11.29 19:01:36.529,1.52465,1.52484,1.25,1.12
2017.11.29 19:01:37.016,1.52465,1.52484,1.69,1.00
2017.11.29 19:01:37.324,1.52465,1.52482,1.69,1.00
2017.11.29 19:01:38.231,1.52464,1.52482,1.94,1.00
2017.11.29 19:01:38.285,1.52461,1.5248,2.44,1.50
2017.11.29 19:01:42.926,1.52459,1.52476,1.69,1.00
2017.11.29 19:01:43.233,1.52458,1.52476,1.00,3.00
2017.11.29 19:01:43.840,1.52456,1.52475,1.25,1.75
2017.11.29 19:01:44.908,1.52456,1.52475,1.19,1.75
2017.11.29 19:01:47.120,1.52456,1.52475,1.25,1.75
2017.11.29 19:01:51.212,1.52455,1.52474,1.19,1.12
2017.11.29 19:01:51.268,1.52455,1.52474,1.19,1.75
2017.11.29 19:01:51.422,1.52455,1.52474,1.19,1.12
2017.11.29 19:01:52.115,1.52455,1.52474,1.19,1.75
2017.11.29 19:01:52.757,1.52455,1.52474,1.19,1.75
2017.11.29 19:01:53.540,1.52454,1.52474,3.00,1.50
2017.11.29 19:01:54.090,1.52455,1.52474,1.19,1.12
2017.11.29 19:01:54.439,1.52455,1.52474,1.69,1.75
2017.11.29 19:02:02.094,1.52455,1.52474,1.69,3.00
2017.11.29 19:02:02.715,1.52457,1.52474,1.50,1.75
2017.11.29 19:02:02.767,1.52457,1.52474,1.50,1.00
2017.11.29 19:02:02.819,1.52459,1.52476,1.00,1.25
2017.11.29 19:02:03.127,1.52456,1.52475,2.44,1.50
2017.11.29 19:02:03.335,1.52456,1.52469,1.00,1.50
2017.11.29 19:02:03.388,1.52454,1.52468,1.00,1.12
2017.11.29 19:02:03.440,1.5245,1.52467,1.00,1.00
2017.11.29 19:02:04.022,1.52448,1.52467,1.19,1.50
2017.11.29 19:02:04.139,1.52447,1.52465,1.25,1.00
2017.11.29 19:02:04.192,1.52447,1.52464,1.25,1.75
2017.11.29 19:02:05.255,1.52445,1.52461,2.44,1.00
2017.11.29 19:02:05.736,1.52443,1.5246,1.19,2.25
2017.11.29 19:02:06.369,1.52443,1.5246,1.00,2.25
2017.11.29 19:02:08.630,1.52444,1.5246,1.00,2.25
2017.11.29 19:02:08.681,1.52444,1.52462,1.00,3.75
2017.11.29 19:02:09.873,1.52442,1.5246,1.69,1.75
2017.11.29 19:02:12.669,1.5244,1.52458,1.25,1.12
2017.11.29 19:02:13.204,1.52439,1.52458,3.19,1.50
2017.11.29 19:02:14.354,1.52441,1.5246,1.19,3.75
2017.11.29 19:02:14.458,1.52442,1.5246,1.19,2.25
2017.11.29 19:02:14.614,1.52443,1.5246,1.25,1.75
2017.11.29 19:02:14.769,1.52443,1.52462,1.25,2.25
2017.11.29 19:02:14.872,1.52443,1.52462,1.25,2.25
2017.11.29 19:02:15.554,1.52443,1.5246,1.19,1.50
2017.11.29 19:02:17.042,1.52446,1.5246,1.19,1.50
2017.11.29 19:02:17.125,1.52446,1.5246,1.19,1.00
2017.11.29 19:02:17.178,1.52448,1.52465,1.19,1.50
2017.11.29 19:02:17.690,1.52449,1.52467,1.19,2.25
2017.11.29 19:02:17.814,1.52447,1.52464,1.19,1.75
2017.11.29 19:02:18.293,1.52446,1.52464,1.19,1.75
2017.11.29 19:02:19.603,1.52446,1.52465,1.19,2.44
2017.11.29 19:02:20.358,1.52446,1.52465,1.19,2.00
2017.11.29 19:02:21.963,1.52447,1.52465,1.25,2.25
2017.11.29 19:02:23.246,1.52445,1.52464,1.25,1.75
2017.11.29 19:02:23.359,1.52445,1.52464,1.19,1.75
2017.11.29 19:02:24.802,1.52444,1.52464,4.12,2.25
2017.11.29 19:02:27.152,1.52446,1.52465,1.19,1.75
2017.11.29 19:02:28.520,1.52449,1.52468,1.69,3.00
2017.11.29 19:02:30.355,1.5245,1.52468,1.19,1.75
2017.11.29 19:02:32.251,1.5245,1.52471,3.37,2.44
2017.11.29 19:02:32.303,1.52455,1.52471,1.19,1.50
2017.11.29 19:02:32.355,1.52457,1.52474,1.00,1.87
2017.11.29 19:02:32.881,1.52457,1.52475,1.00,1.12
2017.11.29 19:02:33.797,1.52456,1.52474,1.31,1.00
2017.11.29 19:02:34.899,1.52456,1.52475,1.31,1.12
2017.11.29 19:02:35.794,1.52455,1.52468,1.50,1.00
2017.11.29 19:02:35.897,1.52449,1.52466,1.25,1.50
2017.11.29 19:02:37.396,1.52448,1.52465,1.69,1.00
2017.11.29 19:02:38.920,1.52448,1.52467,1.69,1.50
2017.11.29 19:02:39.451,1.52451,1.52468,1.50,1.37
2017.11.29 19:02:39.936,1.52451,1.52469,1.25,1.12
2017.11.29 19:02:40.245,1.52451,1.5247,2.44,1.50
2017.11.29 19:02:40.693,1.52451,1.5247,1.25,1.75
2017.11.29 19:02:43.441,1.52449,1.52468,1.12,1.31
2017.11.29 19:02:44.196,1.52449,1.52468,1.12,1.31
2017.11.29 19:02:44.573,1.52446,1.52461,2.25,1.00
2017.11.29 19:02:44.676,1.52442,1.52461,2.06,1.12
2017.11.29 19:02:47.895,1.52447,1.52463,1.00,1.50
2017.11.29 19:02:47.947,1.52448,1.52465,1.00,1.25
2017.11.29 19:02:48.152,1.52448,1.52468,2.25,1.87
2017.11.29 19:02:48.254,1.52448,1.52468,1.87,2.81
2017.11.29 19:02:49.360,1.52449,1.52467,1.00,1.31
2017.11.29 19:02:50.527,1.52452,1.52468,1.00,2.44
2017.11.29 19:02:51.099,1.52451,1.52469,1.00,1.19
2017.11.29 19:02:51.534,1.52448,1.52463,1.87,1.00
2017.11.29 19:02:51.586,1.52446,1.52462,1.00,1.00
2017.11.29 19:02:52.122,1.52446,1.52464,1.50,1.87
2017.11.29 19:02:52.770,1.52447,1.52464,1.00,1.69
2017.11.29 19:02:53.469,1.52446,1.52464,1.87,1.25
2017.11.29 19:02:54.863,1.52448,1.52464,1.00,1.12
2017.11.29 19:02:54.915,1.52448,1.52467,1.00,2.25
2017.11.29 19:02:58.161,1.5245,1.52469,1.19,1.31
2017.11.29 19:02:58.509,1.52455,1.52472,1.00,1.00
2017.11.29 19:02:59.044,1.52454,1.52472,1.50,1.00
2017.11.29 19:02:59.570,1.52455,1.52472,1.25,1.00
2017.11.29 19:03:00.026,1.52455,1.52472,1.25,2.25
2017.11.29 19:03:00.736,1.52454,1.52472,1.19,2.25
2017.11.29 19:03:02.143,1.52454,1.52472,1.19,2.25
2017.11.29 19:03:02.363,1.52458,1.52476,1.00,2.62
2017.11.29 19:03:02.415,1.5246,1.52477,1.00,2.44
2017.11.29 19:03:02.941,1.52459,1.52477,1.87,1.19
2017.11.29 19:03:03.418,1.52457,1.52475,2.81,1.00
2017.11.29 19:03:04.306,1.52459,1.52478,1.00,3.19
2017.11.29 19:03:04.622,1.52461,1.52479,1.50,1.19
2017.11.29 19:03:04.778,1.52464,1.52481,1.00,3.75
2017.11.29 19:03:04.883,1.52461,1.52478,2.44,1.00
2017.11.29 19:03:05.208,1.5246,1.52478,1.00,1.31
2017.11.29 19:03:05.741,1.52458,1.52477,3.37,1.19
2017.11.29 19:03:06.216,1.5246,1.52477,1.00,1.94
2017.11.29 19:03:06.626,1.52458,1.52476,3.00,1.69
2017.11.29 19:03:07.036,1.5246,1.52478,1.12,1.19
2017.11.29 19:03:07.343,1.52459,1.52478,1.50,1.31
2017.11.29 19:03:08.320,1.52459,1.52478,3.19,1.12
2017.11.29 19:03:08.468,1.52463,1.52481,1.25,1.00
2017.11.29 19:03:09.048,1.52462,1.52481,1.12,1.69
2017.11.29 19:03:09.360,1.52461,1.52479,1.00,1.19
2017.11.29 19:03:09.910,1.52462,1.5248,1.00,1.31
2017.11.29 19:03:10.357,1.5246,1.52479,1.50,3.19
2017.11.29 19:03:11.346,1.5246,1.52475,1.00,2.00
2017.11.29 19:03:11.449,1.52456,1.52474,1.00,1.94
2017.11.29 19:03:11.599,1.52457,1.52475,1.00,2.44
2017.11.29 19:03:11.660,1.52457,1.52476,2.25,1.19
2017.11.29 19:03:11.814,1.5246,1.52477,1.50,1.19
2017.11.29 19:03:11.866,1.52456,1.52473,2.62,1.25
2017.11.29 19:03:11.919,1.52455,1.52473,1.00,1.31
2017.11.29 19:03:11.972,1.52458,1.52475,1.00,2.25
2017.11.29 19:03:12.183,1.52459,1.52477,1.50,1.00
2017.11.29 19:03:12.389,1.52457,1.52475,2.81,1.12
2017.11.29 19:03:12.929,1.52456,1.52475,1.87,2.06
2017.11.29 19:03:12.981,1.52456,1.52475,1.69,2.44
2017.11.29 19:03:13.292,1.52457,1.52476,1.12,1.37
2017.11.29 19:03:13.573,1.52457,1.52474,1.50,1.50
2017.11.29 19:03:13.727,1.52458,1.52477,1.50,1.12
2017.11.29 19:03:14.279,1.52459,1.52478,1.00,1.25
2017.11.29 19:03:14.797,1.52458,1.52478,1.69,1.69
2017.11.29 19:03:15.356,1.52458,1.52476,1.00,1.00
2017.11.29 19:03:15.778,1.52461,1.52479,1.00,1.12
2017.11.29 19:03:16.097,1.52465,1.52483,1.75,1.25
2017.11.29 19:03:16.577,1.52465,1.52481,1.50,1.00
2017.11.29 19:03:17.044,1.52465,1.52484,1.50,1.19
2017.11.29 19:03:17.545,1.52466,1.52484,1.50,1.25
2017.11.29 19:03:18.433,1.52466,1.52485,1.50,1.25
2017.11.29 19:03:18.995,1.52466,1.52484,1.69,1.00
2017.11.29 19:03:19.370,1.52467,1.52484,1.50,1.00
2017.11.29 19:03:19.422,1.52465,1.52481,1.00,1.00
2017.11.29 19:03:19.768,1.52464,1.52482,1.94,1.00
2017.11.29 19:03:19.820,1.52468,1.52486,1.00,2.62
2017.11.29 19:03:19.872,1.5247,1.52488,1.50,3.56
2017.11.29 19:03:19.926,1.5247,1.52488,1.12,1.25
2017.11.29 19:03:20.029,1.5247,1.52488,2.25,1.25
2017.11.29 19:03:20.923,1.5247,1.52489,2.25,1.25
2017.11.29 19:03:21.526,1.52472,1.52489,2.06,1.25
2017.11.29 19:03:22.031,1.52474,1.52492,1.00,1.19
2017.11.29 19:03:22.337,1.52468,1.52485,1.69,1.00
2017.11.29 19:03:22.646,1.52468,1.52483,1.50,1.00
2017.11.29 19:03:23.651,1.52469,1.52487,1.31,1.25
2017.11.29 19:03:23.706,1.52472,1.5249,1.69,1.75
2017.11.29 19:03:23.813,1.52473,1.52491,1.19,1.00
2017.11.29 19:03:24.011,1.52474,1.52491,1.19,1.50
2017.11.29 19:03:24.116,1.52475,1.52493,2.06,1.00
2017.11.29 19:03:24.321,1.52477,1.52495,1.56,1.69
2017.11.29 19:03:24.529,1.52475,1.52493,2.44,1.00
2017.11.29 19:03:25.032,1.52474,1.52495,2.44,2.25
2017.11.29 19:03:25.580,1.52474,1.52493,2.44,1.00
2017.11.29 19:03:26.015,1.52476,1.52494,1.37,1.00
2017.11.29 19:03:26.118,1.52475,1.52494,1.50,1.00
2017.11.29 19:03:26.676,1.52474,1.52493,2.25,1.12
2017.11.29 19:03:26.729,1.52474,1.52492,1.00,1.50
2017.11.29 19:03:27.298,1.52472,1.52493,5.44,1.50
2017.11.29 19:03:27.811,1.52472,1.52492,4.87,1.00
2017.11.29 19:03:28.296,1.52476,1.52492,1.50,1.00
2017.11.29 19:03:29.151,1.52472,1.52491,3.37,1.00
2017.11.29 19:03:29.677,1.52473,1.52492,1.69,1.50
2017.11.29 19:03:30.326,1.52474,1.52491,1.50,1.00
2017.11.29 19:03:30.899,1.52475,1.52492,1.00,1.87
2017.11.29 19:03:31.104,1.52477,1.52493,1.00,1.50
2017.11.29 19:03:31.155,1.52475,1.52493,1.00,1.50
2017.11.29 19:03:31.346,1.52481,1.52495,1.00,1.50
2017.11.29 19:03:31.399,1.52481,1.52501,2.25,1.19
2017.11.29 19:03:32.313,1.52483,1.525,1.00,1.00
2017.11.29 19:03:32.662,1.52481,1.52498,1.50,1.25
2017.11.29 19:03:33.254,1.52481,1.52499,1.00,1.12
2017.11.29 19:03:33.955,1.52481,1.52499,1.50,1.69
2017.11.29 19:03:34.719,1.52483,1.52499,1.00,1.69
2017.11.29 19:03:35.334,1.52484,1.525,1.00,1.94
2017.11.29 19:03:35.385,1.52482,1.525,1.50,1.94
2017.11.29 19:03:35.815,1.52485,1.52501,1.00,2.25
2017.11.29 19:03:35.918,1.52485,1.52501,1.00,1.00
2017.11.29 19:03:36.109,1.52483,1.52501,1.00,1.69
2017.11.29 19:03:36.792,1.52483,1.52501,1.00,2.44
2017.11.29 19:03:37.837,1.52489,1.52502,1.00,1.00
2017.11.29 19:03:37.892,1.52493,1.52508,1.00,1.00
2017.11.29 19:03:38.651,1.52492,1.52507,1.00,1.12
2017.11.29 19:03:38.944,1.5249,1.52507,1.00,1.12
2017.11.29 19:03:39.047,1.52488,1.52509,4.87,1.87
2017.11.29 19:03:39.790,1.52489,1.52509,1.69,1.00
2017.11.29 19:03:40.893,1.5249,1.52508,1.12,1.00
2017.11.29 19:03:41.424,1.5249,1.52508,1.12,1.19
2017.11.29 19:03:42.191,1.52488,1.52506,5.62,1.00
2017.11.29 19:03:42.698,1.52491,1.52507,1.00,1.62
2017.11.29 19:03:43.212,1.5249,1.52507,1.00,1.62
2017.11.29 19:03:43.444,1.52492,1.52509,1.00,1.31
2017.11.29 19:03:43.649,1.52491,1.52509,1.00,2.44
2017.11.29 19:03:44.779,1.5249,1.52507,1.00,2.44
2017.11.29 19:03:45.089,1.52489,1.52507,1.87,1.69
2017.11.29 19:03:45.607,1.5249,1.52507,1.00,1.25
2017.11.29 19:03:46.135,1.5249,1.52507,1.00,1.19
2017.11.29 19:03:46.637,1.52491,1.52507,1.00,1.19
2017.11.29 19:03:46.834,1.52488,1.52505,1.50,1.19
2017.11.29 19:03:47.042,1.52485,1.52501,1.00,1.00
2017.11.29 19:03:47.198,1.52487,1.52505,1.00,1.94
2017.11.29 19:03:47.324,1.52488,1.52505,1.00,1.31
2017.11.29 19:03:47.547,1.52486,1.52504,1.12,1.19
2017.11.29 19:03:48.117,1.52485,1.52504,1.87,1.19
2017.11.29 19:03:49.091,1.52486,1.52502,1.00,1.25
2017.11.29 19:03:49.768,1.52487,1.52505,1.87,1.19
2017.11.29 19:03:50.030,1.52488,1.52506,1.00,1.00
2017.11.29 19:03:50.237,1.5249,1.52506,1.00,1.00
2017.11.29 19:03:50.754,1.52489,1.52507,1.00,1.50
2017.11.29 19:03:51.950,1.52489,1.52507,1.00,1.12
2017.11.29 19:03:52.637,1.52489,1.52507,1.00,1.50
2017.11.29 19:03:53.184,1.5249,1.52508,1.00,2.44
2017.11.29 19:03:53.321,1.52491,1.52509,1.50,1.50
2017.11.29 19:03:53.373,1.52492,1.5251,1.00,1.00
2017.11.29 19:03:53.424,1.52492,1.5251,2.25,1.00
2017.11.29 19:03:54.329,1.52492,1.5251,1.75,1.19
2017.11.29 19:03:54.875,1.52493,1.52512,1.50,2.44
2017.11.29 19:03:55.028,1.52494,1.52512,1.50,1.31
2017.11.29 19:03:55.182,1.52495,1.52511,1.50,1.50
2017.11.29 19:03:55.285,1.52495,1.52514,1.00,3.19
2017.11.29 19:03:55.482,1.52493,1.52512,1.00,1.69
2017.11.29 19:03:55.535,1.52493,1.52509,1.00,1.00
2017.11.29 19:03:56.047,1.52493,1.52512,1.50,3.19
2017.11.29 19:03:57.651,1.52495,1.52512,1.00,2.62
2017.11.29 19:03:58.179,1.52496,1.52512,1.00,1.12
2017.11.29 19:03:58.702,1.52497,1.52514,1.00,3.00
2017.11.29 19:03:59.666,1.52497,1.52514,1.50,2.81
2017.11.29 19:04:00.345,1.52496,1.52514,1.00,2.81
2017.11.29 19:04:00.673,1.52499,1.52514,1.00,1.25
2017.11.29 19:04:01.386,1.52499,1.52514,1.00,2.06
2017.11.29 19:04:01.643,1.52496,1.52513,1.00,2.44
2017.11.29 19:04:02.511,1.52494,1.52513,1.50,2.44
2017.11.29 19:04:05.675,1.52493,1.52509,1.00,1.19
2017.11.29 19:04:06.211,1.52492,1.52509,1.00,1.19
2017.11.29 19:04:06.715,1.52491,1.52509,1.00,1.19
2017.11.29 19:04:07.252,1.52491,1.52509,1.00,1.69
2017.11.29 19:04:07.562,1.52489,1.52502,1.00,1.37
2017.11.29 19:04:07.667,1.52484,1.52502,1.00,1.37
2017.11.29 19:04:09.103,1.52484,1.52502,1.12,1.00
2017.11.29 19:04:09.807,1.52483,1.525,1.12,1.50
2017.11.29 19:04:10.150,1.52485,1.52502,1.00,2.25
2017.11.29 19:04:11.563,1.52483,1.525,1.00,1.00
2017.11.29 19:04:14.104,1.52483,1.52499,1.00,3.00
2017.11.29 19:04:14.627,1.52482,1.52499,1.00,2.25
2017.11.29 19:04:15.547,1.52482,1.52499,1.00,1.00
2017.11.29 19:04:16.164,1.52482,1.52501,1.00,1.69
2017.11.29 19:04:16.716,1.52481,1.52501,1.50,1.69
2017.11.29 19:04:17.846,1.52481,1.52501,1.69,1.50
2017.11.29 19:04:18.083,1.52484,1.52502,1.25,1.87
2017.11.29 19:04:18.188,1.52485,1.52504,1.69,1.12
2017.11.29 19:04:19.425,1.52488,1.52504,1.00,1.00
2017.11.29 19:04:21.374,1.52489,1.52507,1.69,1.87
2017.11.29 19:04:23.042,1.52487,1.52506,2.81,1.00
2017.11.29 19:04:23.991,1.52488,1.52505,1.12,1.00
2017.11.29 19:04:24.808,1.52485,1.52503,2.25,1.69
2017.11.29 19:04:26.631,1.52485,1.52504,2.25,1.50
2017.11.29 19:04:27.164,1.52483,1.52497,5.06,1.00
2017.11.29 19:04:27.308,1.52474,1.52489,1.00,1.12
2017.11.29 19:04:27.563,1.52471,1.52489,1.25,1.75
2017.11.29 19:04:27.769,1.52471,1.52488,1.69,1.00
2017.11.29 19:04:29.588,1.52474,1.52489,1.19,1.75
2017.11.29 19:04:29.641,1.52475,1.52493,2.44,1.00
2017.11.29 19:04:30.152,1.52475,1.52494,2.25,1.69
2017.11.29 19:04:30.842,1.52475,1.52493,1.50,1.00
2017.11.29 19:04:31.393,1.52475,1.52493,1.00,1.12
2017.11.29 19:04:31.992,1.52476,1.52493,1.00,1.00
2017.11.29 19:04:32.593,1.52476,1.52494,1.00,1.12
2017.11.29 19:04:34.089,1.52475,1.52495,1.25,3.37
2017.11.29 19:04:34.305,1.52475,1.52495,1.69,2.62
2017.11.29 19:04:34.753,1.52477,1.52495,1.00,1.25
2017.11.29 19:04:35.503,1.52478,1.52496,1.00,1.69
2017.11.29 19:04:40.531,1.52478,1.52496,1.00,1.69
2017.11.29 19:04:41.145,1.52477,1.52496,1.50,3.19
2017.11.29 19:04:41.462,1.52477,1.52494,1.00,1.75
2017.11.29 19:04:41.628,1.52477,1.52494,1.00,1.50
2017.11.29 19:04:41.732,1.52477,1.52493,1.00,2.00
2017.11.29 19:04:41.888,1.52477,1.52492,1.00,1.00
2017.11.29 19:04:42.243,1.52475,1.52491,1.25,1.00
2017.11.29 19:04:44.339,1.52472,1.52491,3.94,1.00
2017.11.29 19:04:46.630,1.52472,1.52491,3.37,1.00
2017.11.29 19:04:47.768,1.52473,1.52491,2.44,1.00
2017.11.29 19:04:48.355,1.52473,1.5249,2.44,1.00
2017.11.29 19:04:49.066,1.52473,1.52491,2.44,1.00
2017.11.29 19:04:49.646,1.52473,1.52491,1.19,1.00
2017.11.29 19:04:50.054,1.52474,1.52493,1.12,2.25
2017.11.29 19:04:50.567,1.52473,1.52491,1.69,1.00
2017.11.29 19:04:50.772,1.52472,1.52491,2.44,2.25
2017.11.29 19:04:51.059,1.52473,1.52492,1.19,1.00
2017.11.29 19:04:51.369,1.52472,1.52489,1.00,1.00
2017.11.29 19:04:51.730,1.5247,1.52488,1.50,1.00
2017.11.29 19:04:51.991,1.5247,1.52487,1.00,2.25
2017.11.29 19:04:52.495,1.52468,1.52486,2.44,1.12
2017.11.29 19:04:54.064,1.52466,1.52484,1.19,1.00
2017.11.29 19:04:54.117,1.52466,1.52486,3.19,1.31
2017.11.29 19:04:55.071,1.52466,1.52487,2.44,3.37
2017.11.29 19:04:55.614,1.52466,1.52481,1.00,1.19
2017.11.29 19:04:55.666,1.52464,1.5248,1.00,1.69
2017.11.29 19:04:55.777,1.52462,1.5248,1.00,1.69
2017.11.29 19:04:56.497,1.52462,1.5248,1.69,1.50
2017.11.29 19:04:58.282,1.52465,1.52483,1.69,1.00
2017.11.29 19:04:58.794,1.52467,1.52483,1.00,1.00
2017.11.29 19:05:00.334,1.52467,1.52485,1.00,1.50
2017.11.29 19:05:00.922,1.52468,1.52485,1.50,1.00
2017.11.29 19:05:02.337,1.52467,1.52485,1.00,1.50
2017.11.29 19:05:02.391,1.52467,1.52483,1.00,1.87
2017.11.29 19:05:02.906,1.52465,1.52483,1.00,1.12
2017.11.29 19:05:03.444,1.52466,1.52484,1.50,2.44
2017.11.29 19:05:04.586,1.52467,1.52484,1.00,1.25
2017.11.29 19:05:04.638,1.5247,1.52484,1.00,1.00
2017.11.29 19:05:04.794,1.52469,1.52487,3.00,1.00
2017.11.29 19:05:04.847,1.52469,1.5248,1.75,1.00
2017.11.29 19:05:04.899,1.52465,1.52481,1.00,1.19
2017.11.29 19:05:04.951,1.52463,1.5248,2.62,1.31
2017.11.29 19:05:05.238,1.52462,1.52478,1.00,2.06
2017.11.29 19:05:05.293,1.52459,1.52478,2.62,2.06
2017.11.29 19:05:05.758,1.5246,1.52478,1.50,1.25
2017.11.29 19:05:06.376,1.52461,1.52478,1.00,1.25
2017.11.29 19:05:10.409,1.52465,1.5248,1.00,1.00
2017.11.29 19:05:10.808,1.52463,1.5248,1.75,1.31
2017.11.29 19:05:10.860,1.52463,1.5248,1.00,2.06
2017.11.29 19:05:11.013,1.52461,1.52479,2.25,1.19
2017.11.29 19:05:14.282,1.52461,1.52479,1.12,2.06
2017.11.29 19:05:15.455,1.52463,1.52479,1.12,1.00
2017.11.29 19:05:15.508,1.52465,1.52482,1.00,1.31
2017.11.29 19:05:15.663,1.52466,1.52485,2.25,1.69
2017.11.29 19:05:17.818,1.52467,1.52485,1.37,2.06
2017.11.29 19:05:18.459,1.52469,1.52488,1.19,2.62
2017.11.29 19:05:18.798,1.52472,1.5249,1.75,1.00
2017.11.29 19:05:19.302,1.52474,1.52491,1.12,1.25
2017.11.29 19:05:19.613,1.52473,1.52491,2.25,2.62
2017.11.29 19:05:20.223,1.52473,1.5249,1.00,1.50
2017.11.29 19:05:21.185,1.52473,1.52489,1.50,1.12
2017.11.29 19:05:21.954,1.52473,1.52489,1.00,1.00
2017.11.29 19:05:22.263,1.52469,1.52487,2.25,1.19
2017.11.29 19:05:22.774,1.52469,1.52486,1.50,1.19
2017.11.29 19:05:24.902,1.52467,1.52485,2.25,1.69
2017.11.29 19:05:34.360,1.52467,1.52484,2.25,1.25
2017.11.29 19:05:41.229,1.52467,1.52485,1.12,1.69
2017.11.29 19:05:41.775,1.52468,1.52485,1.00,1.69
2017.11.29 19:05:42.366,1.52467,1.52485,2.62,1.69
2017.11.29 19:05:42.905,1.52468,1.52485,1.00,1.69
2017.11.29 19:05:45.718,1.52467,1.52485,1.50,2.06
2017.11.29 19:05:47.685,1.52468,1.52485,1.00,2.06
2017.11.29 19:05:51.893,1.52468,1.52484,1.00,1.69
2017.11.29 19:05:51.944,1.52467,1.52483,1.50,1.25
2017.11.29 19:05:52.856,1.52467,1.52481,1.50,1.25
2017.11.29 19:05:53.172,1.52464,1.52481,1.00,1.25
2017.11.29 19:05:53.658,1.52464,1.5248,1.00,1.50
2017.11.29 19:05:53.761,1.52464,1.52481,1.00,1.69
2017.11.29 19:05:54.225,1.52464,1.52481,1.00,1.19
2017.11.29 19:05:54.824,1.52465,1.52481,1.00,1.19
2017.11.29 19:05:55.609,1.52464,1.52481,1.00,1.00
2017.11.29 19:05:56.209,1.52463,1.52483,1.31,2.44
2017.11.29 19:05:56.519,1.52465,1.52483,1.00,2.62
2017.11.29 19:05:57.067,1.52464,1.52483,1.00,2.62
2017.11.29 19:05:57.376,1.52467,1.52486,1.69,2.25
2017.11.29 19:05:57.887,1.52469,1.52488,1.19,2.44
2017.11.29 19:05:57.945,1.52469,1.52488,1.19,2.25
2017.11.29 19:05:58.457,1.52471,1.5249,1.19,1.69
2017.11.29 19:06:02.711,1.52469,1.52485,1.25,1.87
2017.11.29 19:06:03.047,1.52464,1.52483,1.69,2.25
2017.11.29 19:06:03.233,1.52464,1.5248,1.00,1.00
2017.11.29 19:06:03.286,1.5246,1.52477,1.87,1.12
2017.11.29 19:06:03.443,1.52459,1.52477,1.69,1.75
2017.11.29 19:06:03.547,1.52459,1.52477,1.19,3.37
2017.11.29 19:06:03.831,1.52454,1.52471,1.69,1.12
2017.11.29 19:06:03.990,1.52453,1.5247,1.25,1.12
2017.11.29 19:06:04.042,1.52452,1.5247,1.19,1.00
2017.11.29 19:06:04.427,1.52458,1.52477,1.19,2.44
2017.11.29 19:06:05.104,1.52458,1.52477,1.19,2.25
2017.11.29 19:06:05.636,1.52459,1.52476,1.19,1.00
2017.11.29 19:06:07.025,1.52459,1.52478,2.06,1.50
2017.11.29 19:06:07.230,1.52463,1.52481,1.69,1.69
2017.11.29 19:06:07.335,1.52466,1.52485,1.25,2.62
2017.11.29 19:06:07.387,1.52464,1.52483,3.19,1.00
2017.11.29 19:06:07.722,1.52464,1.52482,1.19,1.50
2017.11.29 19:06:08.230,1.52464,1.52481,1.69,1.12
2017.11.29 19:06:08.770,1.52464,1.5248,1.19,1.00
2017.11.29 19:06:09.261,1.52464,1.5248,1.19,1.00
2017.11.29 19:06:09.816,1.52464,1.52483,2.06,1.12
2017.11.29 19:06:09.871,1.52466,1.52485,1.31,1.12
2017.11.29 19:06:10.280,1.52466,1.52485,1.31,2.06
2017.11.29 19:06:10.332,1.52466,1.52485,1.31,1.69
2017.11.29 19:06:11.605,1.52465,1.52484,1.69,1.12
2017.11.29 19:06:13.031,1.52464,1.52483,2.44,2.25
2017.11.29 19:06:13.501,1.52464,1.5248,1.19,1.37
2017.11.29 19:06:13.554,1.52464,1.52478,1.19,2.62
2017.11.29 19:06:14.078,1.5246,1.52478,1.19,2.62
2017.11.29 19:06:15.351,1.5246,1.52478,1.19,2.62
2017.11.29 19:06:16.946,1.5246,1.52478,1.19,1.87
2017.11.29 19:06:20.392,1.52458,1.52475,1.19,1.00
2017.11.29 19:06:20.975,1.5246,1.52476,1.19,2.81
2017.11.29 19:06:21.027,1.5246,1.52477,1.69,1.31
2017.11.29 19:06:21.131,1.52461,1.52479,1.31,1.25
2017.11.29 19:06:21.623,1.52461,1.5248,1.31,1.00
2017.11.29 19:06:23.280,1.52458,1.52474,3.19,1.12
2017.11.29 19:06:23.596,1.52449,1.52468,3.19,1.12
2017.11.29 19:06:23.751,1.52449,1.52468,2.44,1.12
2017.11.29 19:06:24.495,1.52449,1.52467,1.31,1.00
2017.11.29 19:06:25.739,1.52451,1.5247,2.06,1.31
2017.11.29 19:06:25.843,1.52453,1.52472,1.69,1.00
2017.11.29 19:06:27.969,1.52452,1.52471,4.12,1.00
2017.11.29 19:06:28.278,1.52452,1.52469,1.00,1.00
2017.11.29 19:06:28.483,1.5245,1.52468,1.00,1.12
2017.11.29 19:06:29.294,1.5245,1.52469,2.44,1.25
2017.11.29 19:06:29.399,1.52453,1.52472,1.00,2.06
2017.11.29 19:06:29.553,1.52453,1.52469,1.00,1.00
2017.11.29 19:06:29.691,1.5245,1.52469,3.19,1.12
2017.11.29 19:06:32.557,1.5245,1.52468,1.12,1.12
2017.11.29 19:06:32.929,1.5245,1.52465,1.00,1.12
2017.11.29 19:06:33.032,1.5245,1.52467,1.00,1.00
2017.11.29 19:06:33.641,1.52447,1.52467,2.44,1.00
2017.11.29 19:06:33.971,1.52447,1.52466,1.19,1.50
2017.11.29 19:06:37.078,1.5245,1.52466,1.00,1.50
2017.11.29 19:06:38.133,1.5245,1.52468,1.00,3.19
2017.11.29 19:06:39.809,1.52447,1.52464,1.00,1.50
2017.11.29 19:06:40.024,1.52452,1.52471,1.00,2.81
2017.11.29 19:06:40.225,1.52454,1.52472,1.00,2.06
2017.11.29 19:06:40.858,1.52453,1.52472,1.00,2.06
2017.11.29 19:06:42.731,1.5245,1.52469,2.44,1.37
2017.11.29 19:06:43.069,1.52455,1.52473,1.19,2.06
2017.11.29 19:06:43.120,1.52455,1.52473,1.69,1.00
2017.11.29 19:06:43.648,1.52453,1.5247,1.31,2.62
2017.11.29 19:06:43.853,1.52451,1.5247,2.06,3.37
2017.11.29 19:06:44.271,1.52453,1.52472,1.69,2.44
2017.11.29 19:06:44.812,1.52454,1.52473,1.19,1.50
2017.11.29 19:06:58.702,1.52451,1.5247,2.06,1.12
2017.11.29 19:06:59.013,1.52451,1.52468,1.31,1.87
2017.11.29 19:06:59.115,1.5245,1.52468,1.69,1.87
2017.11.29 19:06:59.629,1.5245,1.52468,1.69,2.25
2017.11.29 19:07:02.525,1.52451,1.52468,1.31,2.06
2017.11.29 19:07:02.577,1.52453,1.52472,1.19,2.25
2017.11.29 19:07:03.118,1.52451,1.5247,3.56,1.00
2017.11.29 19:07:04.331,1.52451,1.52471,3.56,1.87
2017.11.29 19:07:05.361,1.52453,1.52472,1.69,2.25
2017.11.29 19:07:05.903,1.52453,1.52472,1.69,2.25
2017.11.29 19:07:06.424,1.52453,1.52472,1.69,2.25
2017.11.29 19:07:07.228,1.52457,1.52473,1.00,1.25
2017.11.29 19:07:07.280,1.52457,1.52475,2.06,1.31
2017.11.29 19:07:07.937,1.52457,1.52476,2.06,1.50
2017.11.29 19:07:19.388,1.52458,1.52476,1.69,1.00
2017.11.29 19:07:19.904,1.52459,1.52478,2.06,3.37
2017.11.29 19:07:21.688,1.52459,1.52478,2.06,1.87
2017.11.29 19:07:23.301,1.52463,1.5248,1.19,1.00
2017.11.29 19:07:23.449,1.52461,1.52479,1.94,1.00
2017.11.29 19:07:26.891,1.52463,1.5248,1.19,1.00
2017.11.29 19:07:27.096,1.52465,1.52483,1.19,2.25
2017.11.29 19:07:30.619,1.52464,1.52481,1.19,1.37
2017.11.29 19:07:30.722,1.52457,1.52472,1.00,1.25
2017.11.29 19:07:30.774,1.52455,1.52472,1.00,2.81
2017.11.29 19:07:30.928,1.52451,1.52471,2.44,1.50
2017.11.29 19:07:31.433,1.52452,1.5247,1.00,1.00
2017.11.29 19:07:31.538,1.5245,1.52468,1.25,1.12
2017.11.29 19:07:31.848,1.52447,1.52463,1.00,1.37
2017.11.29 19:07:31.952,1.52444,1.52462,1.00,1.31
2017.11.29 19:07:32.450,1.52444,1.52463,1.00,2.62
2017.11.29 19:07:32.759,1.52442,1.5246,1.19,1.87
2017.11.29 19:07:33.645,1.52442,1.5246,1.00,1.87
2017.11.29 19:07:33.802,1.52445,1.5246,1.00,1.00
2017.11.29 19:07:34.426,1.52444,1.52462,1.25,1.50
2017.11.29 19:07:34.979,1.52445,1.52462,1.00,1.50
2017.11.29 19:07:35.031,1.52445,1.52462,1.00,1.12
2017.11.29 19:07:37.792,1.52444,1.52462,1.25,1.00
2017.11.29 19:07:38.000,1.52443,1.5246,1.00,1.00
2017.11.29 19:07:38.315,1.52445,1.52463,1.19,1.87
2017.11.29 19:07:38.632,1.52449,1.52468,1.69,1.50
2017.11.29 19:07:39.770,1.52451,1.52469,1.19,1.87
2017.11.29 19:07:41.746,1.52451,1.52469,1.25,1.12
2017.11.29 19:07:43.773,1.52452,1.5247,1.19,2.44
2017.11.29 19:07:43.926,1.5245,1.52467,1.69,1.12
2017.11.29 19:07:44.181,1.52448,1.52466,2.06,1.37
2017.11.29 19:07:48.695,1.52448,1.52467,1.31,1.12
2017.11.29 19:07:48.798,1.52448,1.52467,1.31,1.50
2017.11.29 19:07:49.432,1.52446,1.52463,1.19,1.00
2017.11.29 19:07:50.065,1.52445,1.52463,1.25,1.50
2017.11.29 19:07:50.117,1.52443,1.52461,1.00,1.25
2017.11.29 19:07:50.169,1.52442,1.52456,1.50,1.00
2017.11.29 19:07:50.223,1.52438,1.52454,1.69,1.87
2017.11.29 19:07:50.428,1.52435,1.52453,1.69,2.25
2017.11.29 19:07:51.365,1.52435,1.52453,1.19,2.25
2017.11.29 19:08:06.774,1.52434,1.52454,1.69,1.87
2017.11.29 19:08:09.131,1.5244,1.52456,1.19,1.87
2017.11.29 19:08:09.183,1.52437,1.52456,1.94,1.00
2017.11.29 19:08:10.013,1.52439,1.52457,1.31,1.00
2017.11.29 19:08:10.621,1.52439,1.52458,2.06,1.12
2017.11.29 19:08:10.970,1.52441,1.52459,1.12,1.37
2017.11.29 19:08:11.521,1.5244,1.52458,1.69,1.37
2017.11.29 19:08:12.255,1.5244,1.52458,1.19,1.87
2017.11.29 19:08:13.078,1.5244,1.52458,1.19,1.87
2017.11.29 19:08:13.602,1.52442,1.52459,1.25,1.12
2017.11.29 19:08:14.019,1.5244,1.52456,1.25,1.00
2017.11.29 19:08:14.331,1.52424,1.52438,1.00,1.31
2017.11.29 19:08:14.516,1.52418,1.52433,2.25,1.00
2017.11.29 19:08:14.568,1.52415,1.52433,2.81,1.50
2017.11.29 19:08:14.620,1.52419,1.52434,1.00,2.00
2017.11.29 19:08:14.725,1.52418,1.52436,1.00,1.00
2017.11.29 19:08:14.777,1.5242,1.52436,1.25,1.00
2017.11.29 19:08:14.828,1.5242,1.52438,1.25,1.12
2017.11.29 19:08:15.135,1.52422,1.5244,1.00,1.69
2017.11.29 19:08:15.617,1.52419,1.52437,1.31,1.37
2017.11.29 19:08:15.824,1.52416,1.52436,3.75,1.31
2017.11.29 19:08:15.877,1.52416,1.52436,2.81,2.06
2017.11.29 19:08:16.421,1.52416,1.52435,1.69,1.69
2017.11.29 19:08:16.730,1.52414,1.52431,1.00,1.69
2017.11.29 19:08:17.222,1.52412,1.52431,1.50,1.69
2017.11.29 19:08:18.042,1.52414,1.52434,1.50,2.00
2017.11.29 19:08:18.389,1.52416,1.52434,1.00,1.31
2017.11.29 19:08:20.531,1.52417,1.52435,1.00,1.69
2017.11.29 19:08:21.615,1.52418,1.52435,1.00,1.50
2017.11.29 19:08:23.442,1.52419,1.52438,1.19,2.44
2017.11.29 19:08:23.494,1.5242,1.52439,1.69,1.50
2017.11.29 19:08:25.414,1.52422,1.5244,1.19,1.75
2017.11.29 19:08:25.721,1.52425,1.52444,1.69,2.25
2017.11.29 19:08:31.048,1.52425,1.52444,1.19,1.87
2017.11.29 19:08:31.597,1.52424,1.52443,1.19,1.50
2017.11.29 19:08:32.092,1.52423,1.52442,1.19,2.43
2017.11.29 19:08:32.646,1.52422,1.52441,1.19,1.75
2017.11.29 19:08:33.740,1.52424,1.52442,1.69,2.44
2017.11.29 19:08:33.895,1.5243,1.52449,2.44,1.69
2017.11.29 19:08:34.481,1.5243,1.52449,2.81,1.12
2017.11.29 19:08:36.084,1.52432,1.5245,1.56,2.44
2017.11.29 19:08:36.641,1.52433,1.5245,1.31,1.12
2017.11.29 19:08:37.319,1.52433,1.52451,1.19,1.50
2017.11.29 19:08:37.669,1.52433,1.5245,1.19,1.50
2017.11.29 19:08:38.423,1.52433,1.5245,1.31,1.50
2017.11.29 19:08:38.738,1.52433,1.5245,1.19,1.50
2017.11.29 19:08:41.192,1.5243,1.52448,2.06,1.12
2017.11.29 19:08:41.244,1.52425,1.52444,2.44,2.62
2017.11.29 19:08:44.312,1.52428,1.52446,1.69,2.25
2017.11.29 19:08:44.364,1.52429,1.52445,1.25,1.12
2017.11.29 19:08:44.642,1.52425,1.52442,1.00,1.12
2017.11.29 19:08:44.693,1.52423,1.5244,1.12,1.69
2017.11.29 19:08:45.276,1.52422,1.52439,1.00,1.12
2017.11.29 19:08:45.799,1.52422,1.52438,1.00,1.00
2017.11.29 19:08:47.352,1.52421,1.52438,1.00,1.00
2017.11.29 19:08:51.177,1.5242,1.52438,2.06,1.00
2017.11.29 19:08:51.726,1.52421,1.52438,1.00,1.00
2017.11.29 19:08:51.935,1.52423,1.52441,1.31,1.00
2017.11.29 19:08:52.930,1.52423,1.52441,1.31,1.00
2017.11.29 19:08:58.800,1.52424,1.52442,1.50,1.12
2017.11.29 19:09:03.439,1.52428,1.52445,1.00,1.00
2017.11.29 19:09:04.126,1.52428,1.52446,1.12,1.50
2017.11.29 19:09:05.049,1.52427,1.52445,2.62,1.00
2017.11.29 19:09:07.137,1.52428,1.52446,1.31,1.50
2017.11.29 19:09:07.449,1.52431,1.52449,1.69,3.00
2017.11.29 19:09:08.027,1.52432,1.52449,1.50,1.50
2017.11.29 19:09:13.234,1.52432,1.5245,1.50,1.12
2017.11.29 19:09:13.799,1.52433,1.52449,1.00,1.00
2017.11.29 19:09:14.667,1.52433,1.52449,1.25,1.50
2017.11.29 19:09:15.728,1.52434,1.52449,1.00,1.50
2017.11.29 19:09:16.875,1.52433,1.52449,1.25,1.50
2017.11.29 19:09:17.738,1.52433,1.52449,1.25,1.00
2017.11.29 19:09:18.278,1.52434,1.52449,1.00,1.00
2017.11.29 19:09:19.602,1.52434,1.5245,1.00,1.00
2017.11.29 19:09:22.270,1.52439,1.52454,1.00,1.50
2017.11.29 19:09:22.373,1.52438,1.52457,1.87,2.06
2017.11.29 19:09:22.425,1.52435,1.52454,3.00,1.69
2017.11.29 19:09:22.800,1.52439,1.52456,1.00,1.69
2017.11.29 19:09:23.314,1.52439,1.52457,1.12,1.19
2017.11.29 19:09:23.719,1.5244,1.52459,1.50,2.81
2017.11.29 19:09:24.430,1.5244,1.52459,1.87,2.44
2017.11.29 19:09:24.483,1.52443,1.52461,1.50,1.87
2017.11.29 19:09:24.796,1.52445,1.52461,2.25,1.00
2017.11.29 19:09:25.293,1.52445,1.52464,2.25,1.25
2017.11.29 19:09:25.861,1.52446,1.52465,1.87,1.87
2017.11.29 19:09:30.137,1.52446,1.52465,1.12,1.87
2017.11.29 19:09:30.189,1.52444,1.52459,1.00,1.00
2017.11.29 19:09:30.345,1.5244,1.52459,2.44,1.25
2017.11.29 19:09:31.208,1.52442,1.52461,1.50,1.25
2017.11.29 19:09:31.634,1.52444,1.52462,1.00,2.81
2017.11.29 19:09:32.109,1.52446,1.52462,1.00,2.25
2017.11.29 19:09:32.525,1.52443,1.52457,2.25,1.25
2017.11.29 19:09:32.578,1.52438,1.52459,3.94,1.69
2017.11.29 19:09:33.090,1.52438,1.52458,1.00,1.69
2017.11.29 19:09:34.671,1.52438,1.52456,1.00,1.00
2017.11.29 19:09:36.560,1.52438,1.52458,2.25,1.31
2017.11.29 19:09:37.078,1.52438,1.52457,2.25,1.25
2017.11.29 19:09:38.138,1.52438,1.52458,2.25,1.31
2017.11.29 19:09:41.970,1.52437,1.52456,2.25,1.19
2017.11.29 19:09:42.073,1.52437,1.52456,1.00,1.31
2017.11.29 19:09:42.622,1.52435,1.52454,3.00,1.00
2017.11.29 19:09:42.738,1.52439,1.52458,1.50,1.87
2017.11.29 19:09:43.050,1.52441,1.5246,1.00,1.94
2017.11.29 19:09:45.106,1.52442,1.5246,1.25,2.00
2017.11.29 19:09:45.519,1.52446,1.52462,1.00,1.12
2017.11.29 19:09:45.571,1.52443,1.52461,2.06,1.00
2017.11.29 19:09:46.585,1.52441,1.5246,2.06,1.69
2017.11.29 19:09:47.281,1.52441,1.5246,1.69,1.69
2017.11.29 19:09:47.736,1.5244,1.52456,2.81,1.00
2017.11.29 19:09:47.961,1.52438,1.52456,1.25,1.12
2017.11.29 19:09:49.623,1.52436,1.52454,1.87,1.12
2017.11.29 19:09:49.679,1.52436,1.52455,1.69,1.69
2017.11.29 19:09:49.781,1.52439,1.52456,1.00,1.44
2017.11.29 19:09:49.833,1.52437,1.52456,1.87,1.19
2017.11.29 19:09:49.885,1.52439,1.52458,1.00,2.06
2017.11.29 19:09:50.420,1.5244,1.52458,1.00,1.69
2017.11.29 19:09:50.955,1.52439,1.52458,2.25,1.19
2017.11.29 19:09:52.303,1.5244,1.52459,1.50,1.19
2017.11.29 19:09:53.047,1.52442,1.52461,2.25,1.19
2017.11.29 19:09:54.202,1.52442,1.52461,3.94,1.19
2017.11.29 19:09:54.356,1.52443,1.52461,1.00,1.25
2017.11.29 19:09:54.884,1.52443,1.52464,3.37,3.75
2017.11.29 19:09:55.150,1.52446,1.52464,1.87,1.25
2017.11.29 19:09:55.829,1.52447,1.52466,1.50,1.69
2017.11.29 19:09:55.932,1.52446,1.52463,1.12,1.00
2017.11.29 19:09:56.475,1.52445,1.52464,2.44,1.12
2017.11.29 19:09:56.984,1.52446,1.52465,1.69,1.25
2017.11.29 19:09:57.912,1.52448,1.52466,1.00,1.69
2017.11.29 19:09:59.958,1.52449,1.52467,1.00,2.44
2017.11.29 19:10:00.087,1.5245,1.52467,1.00,2.06
2017.11.29 19:10:00.690,1.52448,1.52467,1.50,1.69
2017.11.29 19:10:04.700,1.52448,1.52466,1.69,1.00
2017.11.29 19:10:05.142,1.5245,1.52469,1.69,1.00
2017.11.29 19:10:06.362,1.5245,1.52467,1.25,1.00
2017.11.29 19:10:07.433,1.5245,1.52466,1.00,1.00
2017.11.29 19:10:07.767,1.52451,1.52469,1.31,1.00
2017.11.29 19:10:07.870,1.52449,1.52468,4.12,1.00
2017.11.29 19:10:10.588,1.5245,1.52468,1.12,1.00
2017.11.29 19:10:11.487,1.52451,1.52469,1.31,1.00
2017.11.29 19:10:13.994,1.52451,1.5247,1.87,1.69
2017.11.29 19:10:14.502,1.52453,1.52469,1.00,1.00
2017.11.29 19:10:14.758,1.52453,1.52471,1.00,1.00
2017.11.29 19:10:14.810,1.52452,1.52471,4.69,1.00
2017.11.29 19:10:15.728,1.52452,1.52472,4.87,1.00
2017.11.29 19:10:17.277,1.52453,1.52471,2.25,1.00
2017.11.29 19:10:17.962,1.52453,1.52471,2.44,1.00
2017.11.29 19:10:18.553,1.52455,1.52472,1.31,1.00
2017.11.29 19:10:20.487,1.52457,1.52475,1.19,1.50
2017.11.29 19:10:21.641,1.52457,1.52474,1.25,1.12
2017.11.29 19:10:23.427,1.52458,1.52474,1.00,1.50
2017.11.29 19:10:23.950,1.52457,1.52473,1.00,1.00
2017.11.29 19:10:26.723,1.52457,1.52474,1.00,2.25
2017.11.29 19:10:27.875,1.52458,1.52474,1.00,1.69
2017.11.29 19:10:29.237,1.52457,1.52474,1.12,1.69
2017.11.29 19:10:30.342,1.52457,1.52473,1.00,1.00
2017.11.29 19:10:30.927,1.52457,1.52472,1.00,1.00
2017.11.29 19:10:31.188,1.52457,1.52474,1.00,2.62
2017.11.29 19:10:33.807,1.52457,1.52471,1.00,1.00
2017.11.29 19:10:33.962,1.52456,1.52474,1.50,1.87
2017.11.29 19:10:34.372,1.52456,1.52471,1.12,1.00
2017.11.29 19:10:34.760,1.52456,1.52473,1.12,1.00
2017.11.29 19:10:34.863,1.52459,1.52474,1.00,1.00
2017.11.29 19:10:34.915,1.5246,1.52476,1.00,1.25
2017.11.29 19:10:35.343,1.52457,1.52474,2.44,1.00
2017.11.29 19:10:35.448,1.52457,1.52474,1.00,1.69
2017.11.29 19:10:36.008,1.52456,1.52474,1.87,1.69
2017.11.29 19:10:36.531,1.52457,1.52474,1.12,1.69
2017.11.29 19:10:36.582,1.52457,1.52474,1.31,1.00
2017.11.29 19:10:36.686,1.52459,1.52477,1.69,1.87
2017.11.29 19:10:36.738,1.52461,1.5248,2.81,1.00
2017.11.29 19:10:36.892,1.52465,1.52484,1.69,2.44
2017.11.29 19:10:37.062,1.52466,1.52484,1.19,3.00
2017.11.29 19:10:37.394,1.52469,1.52487,1.25,3.00
2017.11.29 19:10:38.078,1.52469,1.52487,1.19,3.00
2017.11.29 19:10:39.509,1.52469,1.52486,1.31,1.12
2017.11.29 19:10:43.574,1.52468,1.52484,1.25,1.00
2017.11.29 19:10:44.090,1.52468,1.52484,1.25,1.50
2017.11.29 19:10:44.730,1.52469,1.52486,1.19,1.00
2017.11.29 19:10:45.247,1.5247,1.52487,1.19,1.50
2017.11.29 19:10:45.568,1.5247,1.52484,1.00,1.12
2017.11.29 19:10:46.121,1.52469,1.52484,1.25,1.50
2017.11.29 19:10:46.652,1.52469,1.52483,1.00,1.00
2017.11.29 19:10:48.053,1.52469,1.52486,1.19,2.25
2017.11.29 19:10:48.890,1.52469,1.52484,1.19,1.00
2017.11.29 19:10:48.994,1.52467,1.52484,1.19,1.00
2017.11.29 19:10:49.046,1.52467,1.52485,1.19,1.50
2017.11.29 19:10:49.375,1.52466,1.52484,1.19,2.25
2017.11.29 19:10:49.633,1.52467,1.52484,1.19,1.12
2017.11.29 19:10:50.825,1.52467,1.52486,1.69,1.50
2017.11.29 19:10:51.354,1.52469,1.52487,1.69,3.19
2017.11.29 19:10:51.507,1.5247,1.52487,1.19,2.06
2017.11.29 19:10:51.712,1.5247,1.52485,1.19,1.12
2017.11.29 19:10:51.764,1.52467,1.52484,1.19,1.00
2017.11.29 19:10:51.816,1.52466,1.52484,1.19,2.25
2017.11.29 19:10:52.827,1.52468,1.52487,1.19,3.75
2017.11.29 19:10:52.929,1.52469,1.52487,1.19,1.12
2017.11.29 19:10:53.084,1.52469,1.52485,1.19,1.12
2017.11.29 19:10:53.136,1.52469,1.52485,1.25,1.12
2017.11.29 19:10:55.220,1.52467,1.52485,1.19,1.12
2017.11.29 19:10:56.056,1.52466,1.52484,1.31,1.00
2017.11.29 19:10:59.644,1.52468,1.52487,1.31,2.06
2017.11.29 19:11:00.162,1.5247,1.52487,1.31,1.50
2017.11.29 19:11:01.969,1.5247,1.52487,2.06,1.50
2017.11.29 19:11:02.073,1.52471,1.52489,1.19,1.00
2017.11.29 19:11:02.226,1.52473,1.52489,1.19,1.00
2017.11.29 19:11:02.329,1.52477,1.52493,1.19,2.25
2017.11.29 19:11:02.381,1.52478,1.52495,1.25,1.50
2017.11.29 19:11:02.433,1.5248,1.52496,1.00,1.12
2017.11.29 19:11:02.885,1.52476,1.52493,1.00,1.00
2017.11.29 19:11:03.398,1.52476,1.52493,1.00,1.50
2017.11.29 19:11:03.450,1.52475,1.52487,1.25,1.00
2017.11.29 19:11:03.970,1.52472,1.52487,1.19,1.50
2017.11.29 19:11:04.529,1.5247,1.52487,1.19,1.50
2017.11.29 19:11:04.932,1.5247,1.52489,1.69,2.06
2017.11.29 19:11:05.458,1.52471,1.52489,1.19,1.62
2017.11.29 19:11:05.738,1.52471,1.52487,1.19,1.00
2017.11.29 19:11:07.119,1.52469,1.52488,1.69,1.50
2017.11.29 19:11:07.999,1.52468,1.52484,1.19,1.00
2017.11.29 19:11:08.793,1.52469,1.52487,2.06,1.37
2017.11.29 19:11:08.897,1.52469,1.52486,1.19,1.00
2017.11.29 19:11:08.949,1.52469,1.52484,1.19,1.00
2017.11.29 19:11:10.051,1.52468,1.52485,1.19,1.12
2017.11.29 19:11:10.661,1.52466,1.52485,2.81,1.12
2017.11.29 19:11:13.426,1.52467,1.52484,1.31,1.00
2017.11.29 19:11:16.745,1.52468,1.52484,1.19,1.00
2017.11.29 19:11:18.468,1.52467,1.52484,1.69,1.00
2017.11.29 19:11:19.892,1.52466,1.52484,2.06,1.00
2017.11.29 19:11:21.083,1.52466,1.52484,2.06,1.37
2017.11.29 19:11:21.186,1.52466,1.52482,1.19,1.00
2017.11.29 19:11:26.854,1.52465,1.52482,1.19,1.00
2017.11.29 19:11:32.092,1.52465,1.52482,1.19,1.00
2017.11.29 19:11:33.191,1.52464,1.5248,1.19,1.75
2017.11.29 19:11:33.701,1.5246,1.52477,2.06,1.00
2017.11.29 19:11:34.619,1.5246,1.52477,1.19,1.00
2017.11.29 19:11:34.985,1.5246,1.52475,1.19,2.25
2017.11.29 19:11:35.292,1.52456,1.52474,2.06,2.25
2017.11.29 19:11:35.809,1.52456,1.52474,2.06,1.12
2017.11.29 19:11:36.456,1.52457,1.52474,1.19,1.12
2017.11.29 19:11:36.509,1.52456,1.52471,1.19,1.00
2017.11.29 19:11:36.946,1.52454,1.5247,1.19,1.12
2017.11.29 19:11:39.960,1.52456,1.52472,1.19,1.87
2017.11.29 19:11:40.117,1.52458,1.52476,1.19,1.12
2017.11.29 19:11:41.130,1.5246,1.52476,1.19,1.12
2017.11.29 19:11:41.379,1.5246,1.52474,1.00,1.37
2017.11.29 19:11:41.585,1.52457,1.52471,1.00,1.50
2017.11.29 19:11:41.687,1.52456,1.52471,1.25,2.25
2017.11.29 19:11:46.422,1.52454,1.52471,1.19,3.00
2017.11.29 19:11:52.084,1.52453,1.52471,1.00,3.00
2017.11.29 19:11:52.589,1.52452,1.52466,1.00,1.00
2017.11.29 19:11:52.794,1.52448,1.52466,1.19,2.25
2017.11.29 19:11:53.020,1.52451,1.52467,1.50,1.75
2017.11.29 19:11:53.072,1.52451,1.5247,1.69,3.19
2017.11.29 19:11:53.227,1.52453,1.5247,1.00,1.50
2017.11.29 19:11:56.513,1.52451,1.52466,1.00,1.25
2017.11.29 19:11:56.565,1.52449,1.52466,1.00,1.69
2017.11.29 19:11:57.067,1.52448,1.52465,1.00,1.50
2017.11.29 19:11:59.520,1.52445,1.52464,2.06,1.12
2017.11.29 19:11:59.622,1.52448,1.52465,1.00,2.25
2017.11.29 19:12:00.979,1.52448,1.52465,1.00,1.12
2017.11.29 19:12:01.467,1.52452,1.52468,1.00,1.00
2017.11.29 19:12:02.201,1.52453,1.52468,1.00,1.00
2017.11.29 19:12:03.192,1.52453,1.52469,1.25,1.00
2017.11.29 19:12:03.503,1.52461,1.52475,1.00,1.00
2017.11.29 19:12:04.095,1.5246,1.52475,1.00,1.00
2017.11.29 19:12:04.752,1.52461,1.52475,1.00,1.00
2017.11.29 19:12:05.490,1.5246,1.52475,1.00,1.00
2017.11.29 19:12:06.560,1.5246,1.52474,1.00,1.25
2017.11.29 19:12:06.612,1.52458,1.52474,1.00,1.25
2017.11.29 19:12:06.903,1.5246,1.52476,1.00,1.50
2017.11.29 19:12:07.412,1.5246,1.52477,1.50,1.69
2017.11.29 19:12:07.725,1.52462,1.52476,1.00,1.19
2017.11.29 19:12:07.778,1.52462,1.5248,1.50,2.81
2017.11.29 19:12:07.830,1.52465,1.5248,1.00,2.81
2017.11.29 19:12:08.436,1.52464,1.5248,1.00,3.19
2017.11.29 19:12:08.683,1.5246,1.52476,1.12,2.44
2017.11.29 19:12:08.786,1.52457,1.52476,1.50,1.69
2017.11.29 19:12:09.298,1.5246,1.52476,1.12,1.44
2017.11.29 19:12:09.799,1.52459,1.52476,1.00,1.19
2017.11.29 19:12:10.873,1.5246,1.52477,1.00,2.25
2017.11.29 19:12:11.608,1.52459,1.52476,1.00,1.37
2017.11.29 19:12:12.026,1.52459,1.52476,1.00,1.87
2017.11.29 19:12:12.789,1.52462,1.52478,1.00,1.69
2017.11.29 19:12:13.041,1.52464,1.52481,1.12,1.19
2017.11.29 19:12:13.758,1.52465,1.52481,1.00,1.19
2017.11.29 19:12:13.894,1.52465,1.52481,1.00,1.19
2017.11.29 19:12:17.759,1.52466,1.52481,1.00,1.19
2017.11.29 19:12:17.906,1.52468,1.52484,1.00,1.69
2017.11.29 19:12:18.009,1.52465,1.52484,2.25,3.56
2017.11.29 19:12:18.062,1.52468,1.52484,1.00,1.00
2017.11.29 19:12:18.216,1.52468,1.52486,1.12,2.06
2017.11.29 19:12:18.583,1.52468,1.52484,1.12,1.00
2017.11.29 19:12:18.894,1.52465,1.52481,1.50,1.00
2017.11.29 19:12:19.206,1.52462,1.52477,1.50,1.00
2017.11.29 19:12:20.846,1.5246,1.52473,1.00,1.00
2017.11.29 19:12:20.900,1.52456,1.52473,1.12,1.00
2017.11.29 19:12:21.693,1.52458,1.52475,1.00,1.25
2017.11.29 19:12:22.036,1.5246,1.52478,1.50,1.69
2017.11.29 19:12:22.654,1.52461,1.52478,1.50,1.00
2017.11.29 19:12:27.221,1.52462,1.52478,1.50,1.00
2017.11.29 19:12:27.745,1.52461,1.52478,2.25,1.00
2017.11.29 19:12:29.357,1.52459,1.52471,3.19,1.00
2017.11.29 19:12:29.409,1.52459,1.5247,1.69,1.00
2017.11.29 19:12:29.462,1.52455,1.5247,1.50,1.00
2017.11.29 19:12:29.718,1.52453,1.52468,1.50,1.00
2017.11.29 19:12:31.992,1.52452,1.52469,2.44,1.00
2017.11.29 19:12:32.095,1.52453,1.52473,2.44,1.25
2017.11.29 19:12:32.198,1.52456,1.52473,2.25,1.00
2017.11.29 19:12:32.515,1.52456,1.52471,1.75,1.00
2017.11.29 19:12:32.620,1.52456,1.52474,1.94,1.69
2017.11.29 19:12:32.927,1.52456,1.52472,1.00,1.00
2017.11.29 19:12:33.466,1.52455,1.5247,1.12,1.00
2017.11.29 19:12:33.570,1.52453,1.5247,1.25,1.00
2017.11.29 19:12:33.672,1.52453,1.5247,2.00,1.00
2017.11.29 19:12:33.980,1.52452,1.52469,1.50,1.00
2017.11.29 19:12:34.182,1.52454,1.52472,2.00,1.50
2017.11.29 19:12:34.234,1.52455,1.52474,1.50,1.50
2017.11.29 19:12:34.615,1.52456,1.52473,1.75,1.00
2017.11.29 19:12:35.160,1.52455,1.52472,2.25,1.00
2017.11.29 19:12:35.918,1.52454,1.52471,2.25,1.00
2017.11.29 19:12:37.618,1.52452,1.52468,1.50,1.00
2017.11.29 19:12:38.168,1.5245,1.52468,2.25,1.00
2017.11.29 19:12:39.262,1.52452,1.5247,1.50,1.31
2017.11.29 19:12:39.366,1.52454,1.5247,1.00,1.00
2017.11.29 19:12:39.674,1.52455,1.52472,1.50,1.25
2017.11.29 19:12:40.221,1.52455,1.52471,1.50,1.00
2017.11.29 19:12:40.968,1.52455,1.52472,1.50,1.00
2017.11.29 19:12:41.296,1.52457,1.52474,2.25,1.25
2017.11.29 19:12:41.649,1.52457,1.52472,2.25,1.00
2017.11.29 19:12:41.829,1.52452,1.5247,3.00,1.25
2017.11.29 19:12:41.881,1.52453,1.5247,1.50,1.25
2017.11.29 19:12:42.447,1.52453,1.52469,1.50,1.00
2017.11.29 19:12:43.145,1.52452,1.52467,1.75,1.50
2017.11.29 19:12:43.413,1.52454,1.52471,2.25,1.00
2017.11.29 19:12:43.672,1.52452,1.52467,2.44,1.00
2017.11.29 19:12:43.726,1.52451,1.52467,1.50,1.69
2017.11.29 19:12:44.220,1.52453,1.52469,1.00,1.12
2017.11.29 19:12:44.272,1.52454,1.52471,1.00,1.00
2017.11.29 19:12:44.799,1.52452,1.52471,2.62,1.00
2017.11.29 19:12:45.237,1.52452,1.52468,1.69,1.00
2017.11.29 19:12:45.289,1.5245,1.52467,1.12,1.00
2017.11.29 19:12:45.650,1.52448,1.52466,1.31,1.00
2017.11.29 19:12:45.858,1.52448,1.52466,1.75,1.00
2017.11.29 19:12:46.435,1.52448,1.52467,1.75,1.25
2017.11.29 19:12:47.100,1.5245,1.52469,1.75,1.69
2017.11.29 19:12:47.657,1.52449,1.52468,3.00,1.25
2017.11.29 19:12:48.181,1.52449,1.52467,1.94,1.00
2017.11.29 19:12:48.874,1.52449,1.52466,1.00,1.00
2017.11.29 19:12:49.388,1.52447,1.52465,2.62,1.00
2017.11.29 19:12:51.872,1.52448,1.52466,1.31,1.00
2017.11.29 19:12:52.377,1.52449,1.52466,1.00,1.00
2017.11.29 19:12:52.836,1.5245,1.52468,1.00,1.25
2017.11.29 19:12:54.338,1.5245,1.52467,1.00,1.00
2017.11.29 19:12:54.966,1.52448,1.52466,1.69,1.00
2017.11.29 19:12:58.733,1.52448,1.52467,1.69,1.50
2017.11.29 19:12:59.260,1.52449,1.52467,1.00,1.00
2017.11.29 19:13:00.743,1.52448,1.52467,1.69,1.50
2017.11.29 19:13:02.123,1.52448,1.52464,1.12,1.00
2017.11.29 19:13:03.179,1.52446,1.52464,1.12,1.00
2017.11.29 19:13:03.231,1.52445,1.52462,1.50,1.25
2017.11.29 19:13:03.283,1.52444,1.52461,1.12,1.00
2017.11.29 19:13:03.802,1.52443,1.52461,1.87,1.00
2017.11.29 19:13:04.333,1.52444,1.52461,1.00,1.00
2017.11.29 19:13:05.994,1.52443,1.5246,1.87,1.00
2017.11.29 19:13:06.692,1.52443,1.52459,1.87,1.00
2017.11.29 19:13:07.235,1.52443,1.5246,1.87,1.00
2017.11.29 19:13:08.247,1.52444,1.5246,1.12,1.00
2017.11.29 19:13:08.988,1.52443,1.5246,1.87,1.00
2017.11.29 19:13:10.304,1.52443,1.52459,1.87,1.00
2017.11.29 19:13:10.355,1.52443,1.52461,2.62,1.00
2017.11.29 19:13:10.407,1.52444,1.52461,1.50,1.00
2017.11.29 19:13:11.060,1.52444,1.52462,1.12,1.25
2017.11.29 19:13:14.289,1.52444,1.52461,1.12,1.00
2017.11.29 19:13:15.579,1.52445,1.52463,2.44,1.00
2017.11.29 19:13:15.682,1.52449,1.52465,1.87,1.00
2017.11.29 19:13:15.734,1.52449,1.52467,1.87,1.00
2017.11.29 19:13:15.786,1.52449,1.52467,2.25,1.00
2017.11.29 19:13:16.711,1.52451,1.52466,1.00,1.25
2017.11.29 19:13:17.343,1.5245,1.52466,1.12,1.25
2017.11.29 19:13:20.644,1.5245,1.52463,1.00,1.25
2017.11.29 19:13:20.800,1.52446,1.52463,1.00,1.25
2017.11.29 19:13:21.043,1.52448,1.52465,1.69,1.00
2017.11.29 19:13:21.354,1.5245,1.52466,1.50,1.00
2017.11.29 19:13:21.897,1.52448,1.52462,3.00,1.00
2017.11.29 19:13:21.948,1.52446,1.52461,1.00,1.00
2017.11.29 19:13:22.210,1.52446,1.52463,1.00,1.25
2017.11.29 19:13:22.620,1.52448,1.52465,1.50,1.19
2017.11.29 19:13:22.723,1.52448,1.52465,1.50,1.00
2017.11.29 19:13:23.297,1.5245,1.52466,1.00,1.25
2017.11.29 19:13:24.342,1.5245,1.52464,1.00,1.00
2017.11.29 19:13:24.394,1.52448,1.52464,1.00,1.00
2017.11.29 19:13:24.498,1.52446,1.52462,1.12,1.00
2017.11.29 19:13:24.808,1.52448,1.52466,3.00,1.25
2017.11.29 19:13:31.948,1.52447,1.52462,1.50,1.00
2017.11.29 19:13:32.098,1.52445,1.52463,1.50,1.31
2017.11.29 19:13:32.150,1.52447,1.52464,1.00,1.69
2017.11.29 19:13:32.201,1.52448,1.52465,1.00,1.50
2017.11.29 19:13:32.713,1.52448,1.52466,2.25,1.25
2017.11.29 19:13:33.346,1.52448,1.52465,2.25,1.00
2017.11.29 19:13:33.449,1.52448,1.52465,1.50,1.19
2017.11.29 19:13:34.233,1.52449,1.52466,1.00,1.69
2017.11.29 19:13:34.284,1.5245,1.52466,1.50,1.19
2017.11.29 19:13:34.415,1.5245,1.52462,1.00,1.00
2017.11.29 19:13:34.467,1.52442,1.5246,3.19,1.12
2017.11.29 19:13:35.120,1.52442,1.52461,3.19,1.50
2017.11.29 19:13:35.173,1.52442,1.52458,1.31,1.00
2017.11.29 19:13:35.722,1.52443,1.52459,1.00,1.00
2017.11.29 19:13:36.658,1.52444,1.5246,1.00,1.00
2017.11.29 19:13:36.812,1.52442,1.52459,1.00,1.50
2017.11.29 19:13:37.334,1.52443,1.5246,1.50,1.50
2017.11.29 19:13:37.881,1.52443,1.52459,1.00,1.00
2017.11.29 19:13:38.246,1.52442,1.52457,1.31,1.00
2017.11.29 19:13:38.741,1.52441,1.52459,1.87,1.50
2017.11.29 19:13:40.828,1.5244,1.52458,3.37,1.00
2017.11.29 19:13:41.352,1.5244,1.52457,1.44,1.12
2017.11.29 19:13:41.875,1.52441,1.52457,1.25,1.12
2017.11.29 19:13:42.677,1.52441,1.52459,1.69,1.12
2017.11.29 19:13:43.314,1.52441,1.52459,1.69,1.12
2017.11.29 19:13:43.370,1.52441,1.52457,1.19,1.00
2017.11.29 19:13:43.875,1.52441,1.52458,1.69,1.00
2017.11.29 19:13:44.382,1.52441,1.52459,1.69,1.12
2017.11.29 19:13:46.142,1.52441,1.52458,1.69,1.00
2017.11.29 19:13:47.856,1.52443,1.52461,1.12,1.50
2017.11.29 19:13:47.910,1.52445,1.52463,1.69,1.00
2017.11.29 19:13:48.454,1.52447,1.52464,2.06,1.00
2017.11.29 19:13:49.217,1.52447,1.52465,2.06,1.50
2017.11.29 19:13:49.597,1.52449,1.52467,1.69,1.00
2017.11.29 19:13:50.116,1.52448,1.52466,1.19,1.50
2017.11.29 19:13:50.632,1.52446,1.52464,3.00,1.00
2017.11.29 19:13:50.724,1.52446,1.52464,3.00,1.00
2017.11.29 19:13:51.418,1.52445,1.52463,1.19,1.12
2017.11.29 19:13:52.780,1.52447,1.52463,1.00,1.00
2017.11.29 19:13:54.029,1.52445,1.52462,2.44,1.00
2017.11.29 19:13:54.317,1.52445,1.52464,2.44,1.00
2017.11.29 19:13:54.892,1.52445,1.52464,2.06,1.00
2017.11.29 19:13:55.847,1.52446,1.52462,1.12,1.00
2017.11.29 19:13:57.241,1.52446,1.52462,1.12,1.00
2017.11.29 19:13:58.772,1.52446,1.52461,1.00,1.00
2017.11.29 19:13:58.969,1.52441,1.5246,2.81,1.00
2017.11.29 19:13:59.792,1.52441,1.5246,3.56,1.00
2017.11.29 19:14:00.342,1.52441,1.52459,2.62,1.00
2017.11.29 19:14:01.668,1.52441,1.5246,2.44,1.00
2017.11.29 19:14:05.016,1.5244,1.52458,3.19,1.00
2017.11.29 19:14:05.169,1.52438,1.52455,1.00,1.50
2017.11.29 19:14:05.221,1.52438,1.52453,1.00,1.00
2017.11.29 19:14:05.273,1.52435,1.52453,2.25,1.12
2017.11.29 19:14:06.251,1.52436,1.52452,1.37,1.00
2017.11.29 19:14:06.805,1.52434,1.52452,3.00,1.00
2017.11.29 19:14:07.606,1.52434,1.52451,2.25,1.00
2017.11.29 19:14:08.205,1.52435,1.52452,1.19,1.00
2017.11.29 19:14:08.911,1.52434,1.52452,2.81,1.00
2017.11.29 19:14:09.538,1.52434,1.52453,2.25,1.12
2017.11.29 19:14:10.807,1.52434,1.52453,2.25,1.12
2017.11.29 19:14:15.653,1.52435,1.52453,3.00,1.00
2017.11.29 19:14:15.794,1.52438,1.52456,1.69,1.00
2017.11.29 19:14:15.846,1.52436,1.52452,1.62,1.00
2017.11.29 19:14:16.552,1.52435,1.52453,1.31,1.00
2017.11.29 19:14:19.439,1.52435,1.52452,1.19,1.12
2017.11.29 19:14:19.543,1.52431,1.52449,1.50,1.25
2017.11.29 19:14:19.647,1.52429,1.52447,3.37,1.00
2017.11.29 19:14:19.853,1.52429,1.52445,2.25,1.00
2017.11.29 19:14:20.059,1.52427,1.52445,2.06,1.00
2017.11.29 19:14:21.740,1.52427,1.52444,2.06,1.00
2017.11.29 19:14:27.740,1.52427,1.52443,1.69,1.00
2017.11.29 19:14:27.793,1.52425,1.52442,1.31,1.00
2017.11.29 19:14:27.935,1.52425,1.52442,1.31,1.00
2017.11.29 19:14:28.442,1.52424,1.52441,3.19,1.00
2017.11.29 19:14:28.783,1.52423,1.52437,1.12,1.00
2017.11.29 19:14:29.305,1.52422,1.52437,1.25,1.00
2017.11.29 19:14:29.844,1.52419,1.52438,2.06,1.00
2017.11.29 19:14:31.008,1.5242,1.52437,1.19,1.00
2017.11.29 19:14:33.146,1.52423,1.52439,1.00,1.00
2017.11.29 19:14:33.301,1.52425,1.52443,1.31,1.00
2017.11.29 19:14:37.948,1.52425,1.52443,1.31,1.00
2017.11.29 19:14:39.879,1.52425,1.52442,1.69,1.00
2017.11.29 19:14:39.931,1.52425,1.52438,1.31,1.00
2017.11.29 19:14:40.036,1.52424,1.52442,1.00,2.44
2017.11.29 19:14:40.446,1.52422,1.5244,1.44,1.00
2017.11.29 19:14:43.793,1.52423,1.52441,1.12,1.25
2017.11.29 19:14:44.115,1.52425,1.52441,1.00,1.00
2017.11.29 19:14:44.463,1.52425,1.52443,2.44,1.00
2017.11.29 19:14:44.670,1.52428,1.52444,1.00,1.00
2017.11.29 19:14:44.990,1.52427,1.52443,1.00,1.50
2017.11.29 19:14:45.525,1.52427,1.52443,1.50,1.00
2017.11.29 19:14:46.031,1.52427,1.52444,1.12,1.25
2017.11.29 19:14:46.389,1.52427,1.5244,1.00,1.00
2017.11.29 19:14:46.537,1.52424,1.5244,2.62,1.00
2017.11.29 19:14:47.074,1.52424,1.52441,1.37,1.25
2017.11.29 19:14:47.609,1.52424,1.52441,1.00,1.25
2017.11.29 19:14:48.952,1.52427,1.52444,1.00,1.25
2017.11.29 19:14:49.477,1.52426,1.52443,1.50,1.00
2017.11.29 19:14:49.906,1.52428,1.52443,1.00,1.00
2017.11.29 19:14:50.858,1.52428,1.52444,1.12,1.00
2017.11.29 19:14:53.007,1.52427,1.52443,1.12,1.19
2017.11.29 19:14:53.516,1.52426,1.52443,1.87,1.19
2017.11.29 19:14:53.839,1.52426,1.52443,3.37,1.19
2017.11.29 19:14:54.352,1.52427,1.52443,1.00,1.19
2017.11.29 19:14:55.278,1.52429,1.52446,1.50,1.19
2017.11.29 19:14:55.588,1.52427,1.52444,1.50,1.19
2017.11.29 19:14:55.794,1.52428,1.52446,1.12,1.69
2017.11.29 19:14:56.443,1.52427,1.52444,1.87,1.00
2017.11.29 19:14:58.955,1.52427,1.52442,1.00,1.00
2017.11.29 19:14:59.285,1.52422,1.52437,1.87,1.00
2017.11.29 19:14:59.644,1.52424,1.52443,1.31,2.44
2017.11.29 19:14:59.697,1.52426,1.52444,1.19,1.75
2017.11.29 19:14:59.748,1.52428,1.52445,1.25,1.00
2017.11.29 19:15:00.157,1.52429,1.52446,1.31,1.00
2017.11.29 19:15:00.300,1.5243,1.52448,1.69,1.87
2017.11.29 19:15:00.455,1.52431,1.52449,3.19,1.00
2017.11.29 19:15:01.311,1.52433,1.52452,2.06,1.12
2017.11.29 19:15:01.532,1.52436,1.52454,1.19,1.87
2017.11.29 19:15:01.781,1.52435,1.52453,2.25,1.00
2017.11.29 19:15:02.975,1.52433,1.52449,1.00,1.19
2017.11.29 19:15:03.681,1.52433,1.52448,1.37,1.19
2017.11.29 19:15:03.733,1.52433,1.52449,1.50,1.00
2017.11.29 19:15:04.289,1.52433,1.52452,1.50,1.69
2017.11.29 19:15:04.741,1.52433,1.52449,1.50,1.19
2017.11.29 19:15:06.611,1.52433,1.52448,1.50,1.00
2017.11.29 19:15:10.522,1.52433,1.52449,1.50,1.25
2017.11.29 19:15:14.350,1.52433,1.52448,1.50,1.00
2017.11.29 19:15:14.952,1.52433,1.52447,1.50,1.00
2017.11.29 19:15:15.277,1.52433,1.52449,1.50,1.25
2017.11.29 19:15:15.380,1.52433,1.52451,3.00,1.00
2017.11.29 19:15:15.901,1.52434,1.52452,1.12,1.25
2017.11.29 19:15:16.318,1.52434,1.5245,1.12,1.00
2017.11.29 19:15:17.905,1.52434,1.52451,1.12,1.00
2017.11.29 19:15:18.407,1.52434,1.5245,1.12,1.00
2017.11.29 19:15:20.240,1.52433,1.52446,1.25,1.00
2017.11.29 19:15:20.396,1.52423,1.52437,1.12,1.00
2017.11.29 19:15:20.448,1.52423,1.52431,1.00,1.00
2017.11.29 19:15:20.500,1.52416,1.52431,2.44,1.50
2017.11.29 19:15:20.552,1.52415,1.52428,1.50,1.00
2017.11.29 19:15:20.603,1.52412,1.52428,3.19,1.00
2017.11.29 19:15:20.655,1.52409,1.52421,3.75,1.00
2017.11.29 19:15:20.824,1.52402,1.52419,2.25,1.00
2017.11.29 19:15:21.190,1.52407,1.52424,1.00,1.69
2017.11.29 19:15:21.610,1.52409,1.52426,1.50,1.69
2017.11.29 19:15:22.962,1.52408,1.52426,1.87,1.69
2017.11.29 19:15:26.601,1.52409,1.52426,1.00,1.69
2017.11.29 19:15:27.374,1.52409,1.52425,1.00,1.00
2017.11.29 19:15:29.259,1.52406,1.52424,1.87,1.25
2017.11.29 19:15:29.312,1.52405,1.52422,1.69,1.00
2017.11.29 19:15:29.820,1.52404,1.52421,1.69,2.06
2017.11.29 19:15:31.381,1.52403,1.52421,1.25,2.81
2017.11.29 19:15:31.932,1.52403,1.5242,1.00,1.00
2017.11.29 19:15:35.353,1.52404,1.5242,1.00,1.00
2017.11.29 19:15:36.222,1.52403,1.5242,1.25,1.19
2017.11.29 19:15:37.008,1.52403,1.5242,1.00,1.00
2017.11.29 19:15:37.553,1.52403,1.52421,3.19,1.12
2017.11.29 19:15:39.971,1.52403,1.52421,3.19,1.12
2017.11.29 19:15:40.098,1.52405,1.52423,1.25,2.62
2017.11.29 19:15:40.152,1.52409,1.52425,1.00,1.00
2017.11.29 19:15:40.461,1.52405,1.52422,1.19,1.00
2017.11.29 19:15:41.304,1.52405,1.52422,1.25,1.00
2017.11.29 19:15:41.613,1.52408,1.52425,1.25,1.50
2017.11.29 19:15:41.926,1.52402,1.5242,1.19,3.00
2017.11.29 19:15:42.272,1.52402,1.5242,1.19,2.25
2017.11.29 19:15:43.842,1.52408,1.5242,1.00,1.50
2017.11.29 19:15:43.945,1.52408,1.52426,1.50,1.50
2017.11.29 19:15:45.288,1.52409,1.52426,1.00,1.00
2017.11.29 19:15:46.232,1.5241,1.52428,1.25,1.69
2017.11.29 19:15:46.768,1.52409,1.52427,1.00,1.12
2017.11.29 19:15:50.384,1.52408,1.52426,1.69,1.00
2017.11.29 19:15:53.522,1.52411,1.52427,1.12,1.19
2017.11.29 19:15:53.574,1.5241,1.52428,1.69,1.00
2017.11.29 19:15:53.740,1.52411,1.52428,1.19,1.12
2017.11.29 19:15:53.843,1.52407,1.52425,3.75,1.50
2017.11.29 19:15:54.052,1.52409,1.52425,1.37,1.00
2017.11.29 19:15:54.154,1.52409,1.52427,1.37,1.25
2017.11.29 19:15:54.792,1.52408,1.52426,3.00,1.00
2017.11.29 19:15:55.204,1.5241,1.52428,2.44,1.50
2017.11.29 19:15:55.723,1.52409,1.52427,2.44,1.00
2017.11.29 19:15:56.394,1.52409,1.52427,3.19,1.00
2017.11.29 19:15:56.705,1.52411,1.52429,1.87,1.00
2017.11.29 19:15:59.162,1.52413,1.52431,1.19,1.50
2017.11.29 19:15:59.215,1.52412,1.5243,1.50,1.12
2017.11.29 19:15:59.883,1.52412,1.52429,1.00,1.00
2017.11.29 19:16:00.281,1.52412,1.52427,1.00,1.00
2017.11.29 19:16:01.901,1.5241,1.52427,1.12,1.00
2017.11.29 19:16:03.789,1.5241,1.52429,2.62,1.00
2017.11.29 19:16:05.373,1.52411,1.52431,1.69,1.87
2017.11.29 19:16:05.744,1.52415,1.52432,1.12,1.00
2017.11.29 19:16:05.796,1.52415,1.52434,1.31,1.87
2017.11.29 19:16:05.951,1.52416,1.52435,2.00,1.00
2017.11.29 19:16:07.011,1.52417,1.52435,1.31,1.00
2017.11.29 19:16:07.580,1.52416,1.52435,1.50,3.19
2017.11.29 19:16:07.632,1.52414,1.52431,1.00,1.00
2017.11.29 19:16:07.922,1.52412,1.52431,2.44,1.12
2017.11.29 19:16:08.497,1.52413,1.52432,1.00,1.69
2017.11.29 19:16:09.102,1.52416,1.52433,1.00,1.00
2017.11.29 19:16:09.607,1.52416,1.52435,1.50,2.44
2017.11.29 19:16:11.263,1.52417,1.52435,1.00,1.69
2017.11.29 19:16:11.834,1.52416,1.52435,1.12,1.69
2017.11.29 19:16:12.397,1.52416,1.52435,1.50,1.69
2017.11.29 19:16:12.831,1.52417,1.52435,1.50,1.19
2017.11.29 19:16:13.800,1.52417,1.52435,1.12,1.19
2017.11.29 19:16:14.815,1.52416,1.52435,1.37,1.19
2017.11.29 19:16:14.970,1.52415,1.52432,1.00,1.19
2017.11.29 19:16:15.124,1.52412,1.5243,1.00,1.19
2017.11.29 19:16:15.664,1.5241,1.52429,1.00,2.44
2017.11.29 19:16:15.716,1.52408,1.52427,1.00,1.31
2017.11.29 19:16:16.917,1.52408,1.52427,1.00,3.56
2017.11.29 19:16:17.447,1.52409,1.52427,1.00,1.31
2017.11.29 19:16:18.076,1.52409,1.52428,1.19,1.69
2017.11.29 19:16:18.618,1.52409,1.52428,1.19,1.69
2017.11.29 19:16:19.180,1.52409,1.52428,1.00,1.69
2017.11.29 19:16:19.520,1.52405,1.52424,2.06,2.44
2017.11.29 19:16:20.742,1.52405,1.52424,1.12,3.19
2017.11.29 19:16:28.774,1.52409,1.52425,1.00,1.31
2017.11.29 19:16:28.827,1.5241,1.52427,1.12,1.19
2017.11.29 19:16:33.713,1.52411,1.52429,1.00,2.06
2017.11.29 19:16:33.867,1.52412,1.52429,1.12,1.25
2017.11.29 19:16:36.166,1.52411,1.52416,1.00,1.00
2017.11.29 19:16:36.218,1.52411,1.52418,1.00,1.00
2017.11.29 19:16:36.270,1.52403,1.5242,1.75,1.19
2017.11.29 19:16:36.323,1.52401,1.52418,1.87,1.19
2017.11.29 19:16:36.375,1.524,1.52416,1.37,1.31
2017.11.29 19:16:36.427,1.52397,1.52417,1.87,3.56
2017.11.29 19:16:36.998,1.52396,1.52414,1.69,1.19
2017.11.29 19:16:37.518,1.52396,1.52414,1.69,1.19
2017.11.29 19:16:38.142,1.524,1.52415,1.00,1.19
2017.11.29 19:16:38.194,1.52401,1.52418,1.00,1.69
2017.11.29 19:16:38.246,1.52402,1.52417,1.75,1.19
2017.11.29 19:16:38.349,1.52399,1.52415,1.00,1.19
2017.11.29 19:16:38.401,1.52397,1.52415,1.87,1.69
2017.11.29 19:16:39.966,1.52398,1.52415,1.00,1.19
2017.11.29 19:16:40.516,1.52397,1.52415,2.06,1.19
2017.11.29 19:16:43.003,1.52398,1.52416,1.00,1.31
2017.11.29 19:16:43.055,1.52398,1.52415,1.00,1.19
2017.11.29 19:16:43.579,1.52397,1.52415,2.25,1.19
2017.11.29 19:16:43.833,1.52394,1.5241,1.00,1.50
2017.11.29 19:16:43.936,1.52391,1.52409,1.50,1.50
2017.11.29 19:16:44.469,1.52391,1.52408,1.50,1.00
2017.11.29 19:16:44.986,1.52391,1.52409,1.50,1.12
2017.11.29 19:16:45.329,1.52391,1.52409,1.50,2.81
2017.11.29 19:16:45.381,1.52386,1.52405,2.44,1.12
2017.11.29 19:16:45.485,1.52386,1.52403,1.31,1.00
2017.11.29 19:16:45.537,1.52386,1.52405,2.06,1.87
2017.11.29 19:16:45.589,1.52389,1.52405,1.00,1.25
2017.11.29 19:16:45.898,1.52386,1.52404,2.06,1.00
2017.11.29 19:16:46.651,1.52386,1.52404,2.00,1.00
2017.11.29 19:16:47.206,1.52386,1.52404,2.06,1.00
2017.11.29 19:16:47.842,1.52389,1.52408,1.00,5.06
2017.11.29 19:16:48.149,1.52391,1.5241,1.50,1.69
2017.11.29 19:16:50.106,1.52392,1.52409,1.75,1.25
2017.11.29 19:16:52.523,1.5239,1.52408,2.62,1.00
2017.11.29 19:16:52.576,1.5239,1.52406,1.12,1.50
2017.11.29 19:16:52.629,1.52388,1.52406,1.00,1.12
2017.11.29 19:16:52.733,1.5239,1.52409,1.00,4.12
2017.11.29 19:16:52.785,1.5239,1.52409,1.12,2.62
2017.11.29 19:16:53.369,1.52391,1.5241,1.00,2.81
2017.11.29 19:16:53.511,1.52389,1.52406,1.69,1.00
2017.11.29 19:16:53.615,1.52388,1.52406,1.00,1.00
2017.11.29 19:16:54.066,1.52386,1.52405,1.12,1.19
2017.11.29 19:16:55.017,1.52387,1.52404,1.00,1.25
2017.11.29 19:16:55.070,1.52385,1.52403,1.00,1.87
2017.11.29 19:17:01.028,1.52389,1.52406,2.06,2.25
2017.11.29 19:17:01.133,1.52393,1.52411,1.12,1.31
2017.11.29 19:17:01.617,1.52392,1.52411,3.56,1.12
2017.11.29 19:17:01.771,1.52398,1.52413,1.00,1.00
2017.11.29 19:17:01.824,1.52396,1.52414,1.00,2.06
2017.11.29 19:17:02.403,1.52397,1.52414,1.00,1.69
2017.11.29 19:17:04.366,1.52401,1.52417,1.00,1.19
2017.11.29 19:17:05.536,1.52401,1.52418,1.00,2.06
2017.11.29 19:17:07.944,1.52397,1.52415,1.00,1.69
2017.11.29 19:17:08.557,1.52401,1.52417,1.00,3.19
2017.11.29 19:17:08.611,1.52401,1.52417,1.00,1.31
2017.11.29 19:17:08.663,1.52403,1.52419,1.00,3.19
2017.11.29 19:17:08.716,1.52403,1.52419,1.00,1.25
2017.11.29 19:17:10.495,1.52404,1.52419,1.00,1.25
2017.11.29 19:17:11.038,1.52405,1.52422,1.00,3.37
2017.11.29 19:17:12.862,1.52404,1.52421,1.00,1.69
2017.11.29 19:17:13.124,1.52403,1.5242,1.00,1.50
2017.11.29 19:17:13.665,1.52402,1.52419,1.00,1.69
2017.11.29 19:17:14.654,1.52399,1.52417,1.12,2.06
2017.11.29 19:17:16.005,1.52395,1.52411,2.62,1.19
2017.11.29 19:17:16.517,1.52395,1.52412,1.50,2.44
2017.11.29 19:17:20.208,1.52393,1.52409,1.12,1.25
2017.11.29 19:17:21.319,1.52393,1.5241,1.12,2.44
2017.11.29 19:17:24.570,1.52394,1.52411,1.00,2.06
2017.11.29 19:17:25.182,1.52394,1.52411,1.00,2.06
2017.11.29 19:17:26.044,1.52391,1.52409,2.62,2.06
2017.11.29 19:17:26.147,1.5239,1.5241,1.12,2.06
2017.11.29 19:17:27.652,1.52391,1.5241,1.00,1.87
2017.11.29 19:17:36.984,1.52393,1.52411,1.00,2.06
2017.11.29 19:17:37.557,1.52393,1.52411,1.31,1.12
2017.11.29 19:17:38.107,1.52392,1.52412,1.69,2.62
2017.11.29 19:17:38.266,1.52388,1.52407,2.44,1.69
2017.11.29 19:17:39.306,1.52388,1.52407,2.25,1.69
2017.11.29 19:17:40.142,1.52388,1.52405,1.12,1.69
2017.11.29 19:17:42.068,1.52388,1.52405,1.00,1.25
2017.11.29 19:17:42.660,1.52387,1.52407,1.50,1.69
2017.11.29 19:17:48.604,1.52388,1.52405,1.00,1.25
2017.11.29 19:17:49.589,1.52388,1.52408,1.87,2.44
2017.11.29 19:17:49.643,1.52388,1.52407,1.50,1.19
2017.11.29 19:17:50.272,1.52388,1.52406,1.00,1.56
2017.11.29 19:17:51.673,1.52391,1.52408,1.12,1.00
2017.11.29 19:17:51.727,1.52392,1.5241,1.00,3.56
2017.11.29 19:17:51.833,1.52395,1.52411,1.00,1.69
2017.11.29 19:17:52.341,1.52394,1.52412,1.12,3.00
2017.11.29 19:17:52.696,1.52396,1.52412,1.00,1.00
2017.11.29 19:17:55.796,1.52396,1.52412,1.00,1.19
2017.11.29 19:17:56.302,1.52395,1.52412,1.00,1.69
2017.11.29 19:18:02.245,1.52395,1.5241,1.00,1.00
2017.11.29 19:18:02.780,1.52395,1.52411,1.00,1.25
2017.11.29 19:18:03.411,1.5239,1.52405,1.12,1.00
2017.11.29 19:18:03.515,1.52387,1.52404,1.00,1.19
2017.11.29 19:18:07.001,1.52386,1.52403,1.00,1.69
2017.11.29 19:18:07.054,1.52385,1.524,1.00,1.00
2017.11.29 19:18:07.106,1.52381,1.52399,2.81,1.00
2017.11.29 19:18:10.536,1.52381,1.524,1.19,3.75
2017.11.29 19:18:10.956,1.52382,1.524,1.75,1.00
2017.11.29 19:18:11.476,1.52384,1.52401,1.00,1.25
2017.11.29 19:18:12.057,1.52384,1.52401,1.00,1.19
2017.11.29 19:18:12.576,1.52383,1.52401,1.12,1.19
2017.11.29 19:18:13.078,1.52384,1.52401,1.00,1.25
2017.11.29 19:18:13.607,1.52384,1.52402,1.00,2.81
2017.11.29 19:18:14.590,1.52385,1.52402,1.00,2.06
2017.11.29 19:18:16.028,1.52385,1.52402,1.00,2.06
2017.11.29 19:18:17.373,1.52384,1.52401,1.00,1.25
2017.11.29 19:18:18.174,1.52384,1.52401,1.00,1.19
2017.11.29 19:18:19.098,1.52385,1.52402,1.00,2.81
2017.11.29 19:18:19.358,1.52385,1.52402,1.00,1.31
2017.11.29 19:18:22.780,1.52386,1.52403,1.00,2.62
2017.11.29 19:18:22.936,1.52383,1.524,1.12,1.19
2017.11.29 19:18:28.531,1.52384,1.52401,1.00,1.69
2017.11.29 19:18:28.686,1.52389,1.52406,1.00,1.25
2017.11.29 19:18:28.789,1.52394,1.52409,1.00,1.00
2017.11.29 19:18:28.961,1.5239,1.52407,1.31,1.00
2017.11.29 19:18:29.474,1.52391,1.52409,2.44,1.87
2017.11.29 19:18:29.910,1.52393,1.5241,1.12,1.25
2017.11.29 19:18:30.223,1.52395,1.52412,1.00,2.62
2017.11.29 19:18:30.752,1.52396,1.52412,1.00,1.19
2017.11.29 19:18:31.573,1.52395,1.52414,1.50,2.44
2017.11.29 19:18:32.090,1.52396,1.52413,1.00,1.94
2017.11.29 19:18:34.560,1.52395,1.52412,1.50,1.19
2017.11.29 19:18:34.873,1.52395,1.52411,1.00,1.31
2017.11.29 19:18:34.925,1.52392,1.52411,1.12,1.31
2017.11.29 19:18:36.486,1.52394,1.52412,1.00,1.56
2017.11.29 19:18:36.661,1.52394,1.52412,1.12,1.25
2017.11.29 19:18:37.890,1.52392,1.52411,3.94,1.19
2017.11.29 19:18:38.547,1.52392,1.5241,1.00,1.19
2017.11.29 19:18:39.320,1.52392,1.5241,1.00,1.25
2017.11.29 19:18:40.397,1.52392,1.5241,1.00,1.19
2017.11.29 19:18:40.713,1.52394,1.52413,2.06,1.69
2017.11.29 19:18:41.020,1.52398,1.52414,1.00,3.56
2017.11.29 19:18:41.530,1.52399,1.52414,1.00,2.81
2017.11.29 19:18:42.081,1.524,1.52414,1.00,2.06
2017.11.29 19:18:42.589,1.52399,1.52415,1.00,1.69
2017.11.29 19:18:42.692,1.52396,1.52414,1.00,1.31
2017.11.29 19:18:43.026,1.52398,1.52415,1.00,3.94
2017.11.29 19:18:44.365,1.52397,1.52412,1.00,1.19
2017.11.29 19:18:47.333,1.52396,1.52412,1.50,1.19
2017.11.29 19:18:48.020,1.52397,1.52412,1.00,1.25
2017.11.29 19:18:48.876,1.52397,1.52412,1.00,1.19
2017.11.29 19:18:49.481,1.52398,1.52413,1.00,1.69
2017.11.29 19:18:49.588,1.52394,1.52411,1.00,1.25
2017.11.29 19:18:49.640,1.52397,1.52412,1.00,1.19
2017.11.29 19:18:50.233,1.52398,1.52412,1.00,1.19
2017.11.29 19:18:51.756,1.52397,1.52413,1.00,1.19
2017.11.29 19:18:52.066,1.52403,1.52413,1.00,1.19
2017.11.29 19:18:52.452,1.52401,1.52415,1.00,3.19
2017.11.29 19:18:52.938,1.52402,1.52414,1.00,1.00
2017.11.29 19:18:53.503,1.52402,1.52416,1.00,1.19
2017.11.29 19:18:53.608,1.52402,1.52417,1.00,1.50
2017.11.29 19:18:53.754,1.524,1.52417,1.00,1.50
2017.11.29 19:18:54.130,1.52402,1.52418,1.00,1.25
2017.11.29 19:18:54.636,1.52403,1.52419,1.00,1.56
2017.11.29 19:18:55.929,1.52404,1.5242,1.00,1.56
2017.11.29 19:18:56.680,1.52405,1.52421,1.00,4.69
2017.11.29 19:18:56.732,1.52401,1.52418,1.00,1.12
2017.11.29 19:18:56.835,1.52403,1.52418,1.00,1.00
2017.11.29 19:18:57.355,1.52403,1.5242,1.00,2.25
2017.11.29 19:18:57.772,1.52401,1.52417,1.00,1.12
2017.11.29 19:18:58.426,1.52401,1.52419,1.00,3.00
2017.11.29 19:18:58.763,1.52403,1.52419,1.00,2.44
2017.11.29 19:19:00.498,1.52404,1.52419,1.00,1.69
2017.11.29 19:19:00.601,1.52405,1.52421,1.00,1.00
2017.11.29 19:19:00.661,1.52407,1.52421,1.00,1.00
2017.11.29 19:19:00.713,1.52407,1.52424,1.00,2.44
2017.11.29 19:19:01.230,1.52408,1.52424,1.00,1.25
2017.11.29 19:19:01.345,1.52405,1.52422,1.00,1.62
2017.11.29 19:19:01.551,1.52407,1.52424,1.00,1.00
2017.11.29 19:19:02.028,1.52405,1.52419,1.00,1.00
2017.11.29 19:19:02.235,1.524,1.52416,1.19,1.00
2017.11.29 19:19:02.736,1.524,1.52416,1.19,1.37
2017.11.29 19:19:04.252,1.524,1.52417,1.69,1.00
2017.11.29 19:19:04.355,1.52408,1.52424,1.00,3.19
2017.11.29 19:19:04.525,1.5241,1.52426,1.00,2.44
2017.11.29 19:19:04.832,1.52406,1.52422,1.00,1.00
2017.11.29 19:19:05.159,1.5241,1.52425,1.00,1.94
2017.11.29 19:19:05.748,1.5241,1.52425,1.00,1.19
2017.11.29 19:19:06.420,1.5241,1.52425,1.00,1.00
2017.11.29 19:19:06.876,1.52412,1.52428,1.00,2.25
2017.11.29 19:19:08.693,1.52413,1.52428,1.00,1.44
2017.11.29 19:19:09.095,1.52413,1.52428,1.00,1.12
2017.11.29 19:19:09.606,1.52413,1.52427,1.00,1.00
2017.11.29 19:19:12.589,1.52411,1.52427,1.12,1.25
2017.11.29 19:19:13.148,1.52412,1.52427,1.00,1.25
2017.11.29 19:19:15.798,1.52415,1.52432,1.00,3.19
2017.11.29 19:19:15.851,1.52416,1.52434,1.00,1.87
2017.11.29 19:19:16.409,1.52417,1.52434,1.00,1.19
2017.11.29 19:19:16.941,1.52413,1.5243,2.25,1.19
2017.11.29 19:19:17.044,1.5241,1.52426,1.00,1.25
2017.11.29 19:19:17.269,1.52412,1.52426,1.00,1.25
2017.11.29 19:19:17.800,1.52411,1.52426,1.00,1.25
2017.11.29 19:19:18.223,1.52411,1.52426,1.00,1.19
2017.11.29 19:19:18.901,1.5241,1.52426,1.00,1.19
2017.11.29 19:19:20.690,1.52411,1.52426,1.00,1.19
2017.11.29 19:19:25.705,1.5241,1.52427,1.00,1.31
2017.11.29 19:19:26.043,1.52412,1.52427,1.00,1.50
2017.11.29 19:19:26.809,1.52417,1.52429,1.00,1.00
2017.11.29 19:19:27.014,1.52421,1.52434,1.00,1.69
2017.11.29 19:19:27.526,1.52422,1.52436,1.00,1.69
2017.11.29 19:19:28.206,1.52421,1.52436,1.00,1.69
2017.11.29 19:19:30.184,1.52422,1.52435,1.00,1.31
2017.11.29 19:19:32.012,1.52423,1.52435,1.00,1.31
2017.11.29 19:19:32.524,1.52423,1.52436,1.00,1.69
2017.11.29 19:19:33.035,1.52422,1.52435,1.00,1.25
2017.11.29 19:19:33.868,1.52423,1.52435,1.00,1.31
2017.11.29 19:19:37.053,1.52422,1.52436,1.00,1.69
2017.11.29 19:19:37.944,1.52423,1.52436,1.00,1.69
2017.11.29 19:19:38.468,1.52423,1.52436,1.00,1.69
2017.11.29 19:19:38.822,1.52421,1.52436,1.00,1.69
2017.11.29 19:19:40.402,1.5242,1.52436,1.00,1.31
2017.11.29 19:19:42.990,1.52418,1.52436,1.50,1.31
2017.11.29 19:19:47.745,1.52418,1.52433,1.00,1.00
2017.11.29 19:19:47.797,1.52414,1.52433,2.62,1.00
2017.11.29 19:19:48.291,1.52416,1.52433,1.00,1.19
2017.11.29 19:19:49.447,1.52416,1.52433,1.00,1.00
2017.11.29 19:19:51.535,1.52417,1.52433,1.00,1.00
2017.11.29 19:19:56.682,1.52417,1.52435,1.00,1.56
2017.11.29 19:19:57.499,1.52416,1.52434,1.00,1.31
2017.11.29 19:19:58.067,1.52415,1.52434,1.00,1.31
2017.11.29 19:19:58.694,1.52415,1.52434,1.00,1.50
2017.11.29 19:20:00.153,1.52414,1.52434,1.12,1.31
2017.11.29 19:20:00.467,1.52409,1.52428,3.00,1.19
2017.11.29 19:20:00.922,1.52411,1.52429,1.00,1.19
2017.11.29 19:20:01.953,1.52411,1.52429,1.50,1.25
2017.11.29 19:20:02.493,1.52412,1.5243,1.00,1.19
2017.11.29 19:20:03.127,1.52411,1.5243,2.25,1.19
2017.11.29 19:20:04.744,1.52411,1.5243,1.50,1.25
2017.11.29 19:20:04.846,1.52411,1.52429,1.00,1.19
2017.11.29 19:20:09.247,1.52412,1.5243,1.00,1.19
2017.11.29 19:20:09.350,1.52413,1.52432,1.12,2.44
2017.11.29 19:20:10.539,1.52412,1.52432,1.50,1.50
2017.11.29 19:20:10.964,1.52415,1.52433,1.00,1.69
2017.11.29 19:20:12.493,1.52414,1.5243,1.00,1.25
2017.11.29 19:20:18.311,1.52414,1.52432,1.50,1.31
2017.11.29 19:20:18.831,1.52414,1.52431,1.00,1.00
2017.11.29 19:20:19.593,1.52414,1.52432,1.00,2.06
2017.11.29 19:20:20.315,1.52414,1.52431,1.00,1.25
2017.11.29 19:20:20.961,1.52414,1.5243,1.00,1.00
2017.11.29 19:20:21.869,1.52414,1.52431,1.00,1.12
2017.11.29 19:20:25.086,1.52414,1.52431,1.00,1.19
2017.11.29 19:20:26.081,1.52414,1.52429,1.00,1.00
2017.11.29 19:20:26.844,1.52411,1.52429,3.00,1.00
2017.11.29 19:20:27.403,1.52411,1.52428,1.00,1.00
2017.11.29 19:20:28.533,1.52408,1.52424,1.50,1.00
2017.11.29 19:20:28.841,1.52406,1.52421,1.00,1.19
2017.11.29 19:20:30.779,1.52404,1.52421,1.00,1.19
2017.11.29 19:20:33.031,1.52401,1.52418,2.25,1.19
2017.11.29 19:20:33.134,1.524,1.52416,1.12,1.00
2017.11.29 19:20:34.359,1.524,1.52416,1.12,1.19
2017.11.29 19:20:35.765,1.52401,1.52419,1.00,1.31
2017.11.29 19:20:36.865,1.524,1.52419,1.87,2.06
2017.11.29 19:20:47.071,1.52398,1.52417,2.62,1.25
2017.11.29 19:20:47.484,1.524,1.52419,1.12,2.25
2017.11.29 19:20:47.748,1.52398,1.52417,1.87,1.25
2017.11.29 19:20:48.388,1.52399,1.52418,1.00,2.25
2017.11.29 19:20:48.899,1.52398,1.52417,1.87,1.69
2017.11.29 19:20:49.469,1.52398,1.52417,1.87,1.69
2017.11.29 19:20:49.801,1.52399,1.52418,1.50,1.69
2017.11.29 19:20:50.254,1.52399,1.52418,1.50,1.69
2017.11.29 19:20:53.200,1.52398,1.52417,1.87,1.50
2017.11.29 19:20:53.782,1.52398,1.52417,3.00,1.00
2017.11.29 19:20:56.325,1.52399,1.52418,1.00,2.06
2017.11.29 19:20:56.635,1.52398,1.52416,1.12,1.19
2017.11.29 19:20:59.328,1.52398,1.52417,2.25,1.44
2017.11.29 19:20:59.700,1.52399,1.52418,1.50,2.62
2017.11.29 19:21:00.289,1.524,1.52417,1.12,1.00
2017.11.29 19:21:00.889,1.52398,1.52416,1.87,1.00
2017.11.29 19:21:01.072,1.52399,1.52418,1.50,1.87
2017.11.29 19:21:06.480,1.52401,1.52419,1.00,1.12
2017.11.29 19:21:10.500,1.52401,1.52418,1.00,1.00
2017.11.29 19:21:11.234,1.52401,1.52419,1.00,1.12
2017.11.29 19:21:17.499,1.52402,1.52421,1.50,1.19
2017.11.29 19:21:18.009,1.52404,1.52421,1.12,1.19
2017.11.29 19:21:18.431,1.52404,1.52421,1.00,1.31
2017.11.29 19:21:19.150,1.52405,1.52422,1.00,1.25
2017.11.29 19:21:19.680,1.52404,1.52423,1.00,1.31
2017.11.29 19:21:22.391,1.52404,1.52423,1.69,1.31
2017.11.29 19:21:24.027,1.52404,1.52422,1.00,1.00
2017.11.29 19:21:28.126,1.52404,1.52418,1.00,1.00
2017.11.29 19:21:28.333,1.52398,1.52416,1.00,2.44
2017.11.29 19:21:28.385,1.52396,1.52415,1.69,1.31
2017.11.29 19:21:29.406,1.52396,1.52415,1.00,3.00
2017.11.29 19:21:30.820,1.52395,1.5241,1.00,1.69
2017.11.29 19:21:30.925,1.5239,1.52409,3.00,1.19
2017.11.29 19:21:31.508,1.5239,1.52409,2.25,3.19
2017.11.29 19:21:32.191,1.52391,1.52409,1.50,1.50
2017.11.29 19:21:32.294,1.52392,1.5241,1.69,1.75
2017.11.29 19:21:32.397,1.52395,1.52413,1.00,1.31
2017.11.29 19:21:33.169,1.52396,1.52415,1.00,2.00
2017.11.29 19:21:36.105,1.52395,1.52415,1.50,2.62
2017.11.29 19:21:36.766,1.52395,1.52415,1.00,3.37
2017.11.29 19:21:36.870,1.52392,1.52412,2.81,1.87
2017.11.29 19:21:37.301,1.52394,1.52412,1.00,1.12
2017.11.29 19:21:37.681,1.52396,1.52415,1.00,4.31
2017.11.29 19:21:38.565,1.52397,1.52415,1.00,1.69
2017.11.29 19:21:39.194,1.52398,1.52416,1.25,1.75
2017.11.29 19:21:40.172,1.52398,1.52417,1.31,1.87
2017.11.29 19:21:40.632,1.52397,1.52417,1.69,1.75
2017.11.29 19:21:40.837,1.52397,1.52416,2.06,2.25
2017.11.29 19:21:40.941,1.52397,1.52416,1.69,1.87
2017.11.29 19:21:41.547,1.52397,1.52414,1.00,1.12
2017.11.29 19:21:42.223,1.52397,1.52414,1.00,2.06
2017.11.29 19:21:42.995,1.52399,1.52416,1.00,1.94
2017.11.29 19:21:43.046,1.52399,1.52417,1.00,1.31
2017.11.29 19:21:43.983,1.52399,1.52418,1.00,2.44
2017.11.29 19:21:44.880,1.52397,1.52414,2.44,1.50
2017.11.29 19:21:45.393,1.52396,1.52415,1.19,2.25
2017.11.29 19:21:46.989,1.52396,1.52415,1.19,1.75
2017.11.29 19:21:48.123,1.52397,1.52416,1.19,2.44
2017.11.29 19:21:48.857,1.52397,1.52416,1.00,2.06
2017.11.29 19:21:51.510,1.52395,1.52413,1.12,1.69
2017.11.29 19:21:51.870,1.52393,1.52412,1.31,2.06
2017.11.29 19:21:51.921,1.52393,1.52412,1.00,2.44
2017.11.29 19:21:52.656,1.52395,1.52413,1.00,2.44
2017.11.29 19:21:53.048,1.52394,1.52412,1.00,2.06
2017.11.29 19:21:53.597,1.52392,1.5241,2.25,1.00
2017.11.29 19:21:54.142,1.52394,1.52412,1.00,1.69
2017.11.29 19:21:55.373,1.52393,1.52411,1.00,2.06
2017.11.29 19:21:56.329,1.52392,1.52411,1.50,1.31
2017.11.29 19:21:56.503,1.52392,1.52411,1.50,1.31
2017.11.29 19:22:01.956,1.52392,1.52411,1.87,1.44
2017.11.29 19:22:02.365,1.52392,1.52411,2.25,1.19
2017.11.29 19:22:02.521,1.52389,1.52407,1.00,2.44
2017.11.29 19:22:03.073,1.52388,1.52406,1.50,1.31
2017.11.29 19:22:03.626,1.52389,1.52407,1.00,2.44
2017.11.29 19:22:04.615,1.52387,1.52407,1.12,2.44
2017.11.29 19:22:06.063,1.52388,1.52406,1.00,1.69
2017.11.29 19:22:06.268,1.5239,1.52408,1.00,3.37
2017.11.29 19:22:06.371,1.52387,1.52406,1.50,1.31
2017.11.29 19:22:06.919,1.52387,1.52405,1.00,1.94
2017.11.29 19:22:08.778,1.52383,1.524,1.00,2.44
2017.11.29 19:22:08.830,1.52381,1.524,1.69,2.44
2017.11.29 19:22:09.351,1.52384,1.524,1.00,1.19
2017.11.29 19:22:09.455,1.52381,1.52401,1.87,2.44
2017.11.29 19:22:09.507,1.52383,1.52401,1.00,1.94
2017.11.29 19:22:10.087,1.52383,1.52401,1.00,1.94
2017.11.29 19:22:10.677,1.52384,1.52401,1.00,1.94
2017.11.29 19:22:11.864,1.52385,1.52401,1.00,1.00
2017.11.29 19:22:12.365,1.52386,1.52404,1.00,1.94
2017.11.29 19:22:12.883,1.52384,1.52402,1.00,1.31
2017.11.29 19:22:14.109,1.52384,1.52403,1.12,2.06
2017.11.29 19:22:15.007,1.52385,1.52403,1.00,1.31
2017.11.29 19:22:15.110,1.52386,1.52404,1.12,1.19
2017.11.29 19:22:17.185,1.52387,1.52406,1.25,2.06
2017.11.29 19:22:18.066,1.52387,1.52405,1.25,1.19
2017.11.29 19:22:18.584,1.52387,1.52405,1.25,1.19
2017.11.29 19:22:20.144,1.52385,1.524,1.00,1.19
2017.11.29 19:22:20.196,1.52381,1.524,1.94,1.19
2017.11.29 19:22:20.248,1.52381,1.524,1.00,2.06
2017.11.29 19:22:21.168,1.5238,1.52399,2.06,1.31
2017.11.29 19:22:21.697,1.5238,1.52399,2.06,1.31
2017.11.29 19:22:23.278,1.52377,1.52395,3.19,1.19
2017.11.29 19:22:23.456,1.52375,1.52393,1.00,1.69
2017.11.29 19:22:25.116,1.52374,1.52393,1.69,1.19
2017.11.29 19:22:31.157,1.52378,1.52396,1.00,2.25
2017.11.29 19:22:31.680,1.52379,1.52397,1.00,1.31
2017.11.29 19:22:32.238,1.52379,1.52397,1.25,1.31
2017.11.29 19:22:33.134,1.5238,1.52397,1.00,1.12
2017.11.29 19:22:33.883,1.52376,1.52394,1.25,1.12
2017.11.29 19:22:34.125,1.52378,1.52395,1.00,1.12
2017.11.29 19:22:34.786,1.52379,1.52397,1.25,1.31
2017.11.29 19:22:35.116,1.52379,1.52397,1.25,1.31
2017.11.29 19:22:36.294,1.52378,1.52397,1.25,2.81
2017.11.29 19:22:36.844,1.52379,1.52397,1.25,2.06
2017.11.29 19:22:37.572,1.52378,1.52397,1.25,3.00
2017.11.29 19:22:38.050,1.52377,1.52396,1.25,2.25
2017.11.29 19:22:38.358,1.52376,1.52395,1.87,1.50
2017.11.29 19:22:38.589,1.52378,1.52396,1.69,1.25
2017.11.29 19:22:38.743,1.5238,1.52399,1.25,2.44
2017.11.29 19:22:39.328,1.5238,1.52399,1.19,2.44
2017.11.29 19:22:40.189,1.52379,1.52397,1.69,1.00
2017.11.29 19:22:42.503,1.52379,1.52398,1.69,1.12
2017.11.29 19:22:44.252,1.5238,1.524,2.44,1.12
2017.11.29 19:22:44.304,1.52381,1.52399,1.19,1.75
2017.11.29 19:22:44.356,1.52383,1.52399,1.00,1.00
2017.11.29 19:22:44.407,1.52383,1.52402,1.00,2.44
2017.11.29 19:22:44.930,1.52383,1.52402,1.19,2.62
2017.11.29 19:22:45.937,1.52383,1.52402,1.25,3.00
2017.11.29 19:22:47.967,1.52383,1.52402,1.00,3.19
2017.11.29 19:22:51.135,1.5238,1.52398,1.25,1.69
2017.11.29 19:22:51.239,1.52377,1.52396,2.81,1.31
2017.11.29 19:22:51.776,1.52377,1.52396,2.81,1.31
2017.11.29 19:22:53.271,1.52377,1.52395,1.87,1.00
2017.11.29 19:22:56.444,1.52377,1.52396,1.87,1.50
2017.11.29 19:23:06.560,1.52379,1.52397,1.00,1.31
2017.11.29 19:23:07.851,1.52379,1.52397,1.00,1.12
2017.11.29 19:23:07.955,1.52377,1.52397,1.12,3.00
2017.11.29 19:23:09.408,1.5238,1.52397,1.00,1.12
2017.11.29 19:23:09.637,1.5238,1.52399,1.31,1.00
2017.11.29 19:23:09.689,1.52382,1.52401,1.00,1.69
2017.11.29 19:23:09.998,1.52387,1.52407,1.94,1.69
2017.11.29 19:23:10.338,1.52386,1.52407,2.44,2.25
2017.11.29 19:23:10.964,1.52386,1.52407,2.62,2.25
2017.11.29 19:23:11.126,1.52386,1.52404,1.69,1.00
2017.11.29 19:23:13.274,1.52386,1.52404,1.50,1.19
2017.11.29 19:23:13.833,1.52385,1.52404,3.00,1.19
2017.11.29 19:23:16.320,1.52383,1.524,1.00,1.69
2017.11.29 19:23:16.372,1.52381,1.524,1.00,1.69
2017.11.29 19:23:16.424,1.52382,1.52401,1.00,2.44
2017.11.29 19:23:16.630,1.52383,1.52402,1.37,1.69
2017.11.29 19:23:17.612,1.52383,1.52402,1.50,1.69
2017.11.29 19:23:18.419,1.52382,1.52401,1.87,1.19
2017.11.29 19:23:19.665,1.52382,1.52401,1.00,1.69
2017.11.29 19:23:19.886,1.52383,1.52402,1.12,2.06
2017.11.29 19:23:20.419,1.52384,1.52402,1.12,1.19
2017.11.29 19:23:22.823,1.52383,1.52402,1.87,1.69
2017.11.29 19:23:23.773,1.5238,1.52398,2.44,1.19
2017.11.29 19:23:28.205,1.52376,1.52393,2.44,1.19
2017.11.29 19:23:28.310,1.52375,1.52394,1.00,2.62
2017.11.29 19:23:28.362,1.52377,1.52394,1.00,1.19
2017.11.29 19:23:28.987,1.52379,1.52398,1.50,1.44
2017.11.29 19:23:29.500,1.52379,1.52397,1.00,1.69
2017.11.29 19:23:29.953,1.52379,1.52396,1.00,1.75
2017.11.29 19:23:30.210,1.52379,1.52397,1.00,1.50
2017.11.29 19:23:30.641,1.52377,1.52395,1.31,1.00
2017.11.29 19:23:36.333,1.52378,1.52396,1.00,1.12
2017.11.29 19:23:36.928,1.5238,1.52398,1.12,2.25
2017.11.29 19:23:39.347,1.52379,1.52397,1.00,1.50
2017.11.29 19:23:40.439,1.52379,1.52398,1.50,1.69
2017.11.29 19:23:40.940,1.5238,1.52397,1.12,1.00
2017.11.29 19:23:41.095,1.52383,1.52401,1.25,1.00
2017.11.29 19:23:41.634,1.52384,1.52402,1.87,1.00
2017.11.29 19:23:41.901,1.52387,1.52402,1.00,1.00
2017.11.29 19:23:42.701,1.52387,1.52404,1.12,1.00
2017.11.29 19:23:45.554,1.52385,1.52403,2.25,1.00
2017.11.29 19:23:45.738,1.52385,1.52403,2.25,1.19
2017.11.29 19:23:46.124,1.5239,1.52407,1.00,2.06
2017.11.29 19:23:46.179,1.52389,1.52406,1.12,1.19
2017.11.29 19:23:46.747,1.52388,1.52406,1.12,1.69
2017.11.29 19:23:47.235,1.52386,1.52404,1.12,1.00
2017.11.29 19:23:47.287,1.52385,1.52403,1.50,1.19
2017.11.29 19:23:47.832,1.52384,1.52402,1.50,1.25
2017.11.29 19:23:48.537,1.52384,1.52402,1.50,1.19
2017.11.29 19:23:50.221,1.52381,1.52399,3.00,1.19
2017.11.29 19:23:50.273,1.52381,1.52398,1.69,1.25
2017.11.29 19:23:51.349,1.52381,1.524,1.00,1.19
2017.11.29 19:23:54.622,1.52383,1.52401,1.00,1.69
2017.11.29 19:23:54.725,1.52383,1.52403,3.00,1.87
2017.11.29 19:23:55.818,1.52383,1.52403,3.00,2.62
2017.11.29 19:23:57.131,1.52383,1.52402,3.00,1.19
2017.11.29 19:23:58.256,1.52384,1.52402,1.50,1.25
2017.11.29 19:23:58.308,1.52387,1.52405,1.00,1.69
2017.11.29 19:23:58.875,1.52388,1.52406,2.25,1.19
2017.11.29 19:23:59.392,1.52388,1.52403,1.25,1.00
2017.11.29 19:23:59.495,1.52388,1.52405,1.12,1.25
2017.11.29 19:23:59.547,1.52388,1.52405,1.12,1.19
2017.11.29 19:23:59.702,1.52385,1.52403,1.87,1.19
2017.11.29 19:24:00.038,1.52383,1.52401,1.50,1.50
2017.11.29 19:24:00.090,1.52382,1.52398,2.25,1.19
2017.11.29 19:24:00.245,1.52378,1.52396,1.00,1.31
2017.11.29 19:24:01.839,1.52375,1.5239,1.00,1.25
2017.11.29 19:24:02.243,1.52373,1.52389,1.00,1.31
2017.11.29 19:24:02.349,1.5237,1.52384,1.00,1.25
2017.11.29 19:24:02.556,1.52373,1.52389,1.00,1.00
2017.11.29 19:24:02.661,1.5237,1.52388,2.00,1.19
2017.11.29 19:24:02.714,1.5237,1.52388,1.12,1.19
2017.11.29 19:24:04.182,1.52372,1.52388,1.00,1.25
2017.11.29 19:24:04.287,1.52373,1.52391,2.62,1.69
2017.11.29 19:24:04.789,1.52374,1.52392,1.00,1.31
2017.11.29 19:24:06.422,1.52373,1.52392,2.25,1.31
2017.11.29 19:24:07.095,1.52373,1.52392,3.37,1.19
2017.11.29 19:24:07.404,1.52369,1.52386,1.00,1.19
2017.11.29 19:24:08.300,1.52369,1.52386,1.00,1.69
2017.11.29 19:24:08.958,1.52369,1.52386,1.00,1.69
2017.11.29 19:24:12.733,1.52369,1.52386,1.00,1.19
2017.11.29 19:24:15.670,1.52369,1.52385,1.00,1.19
2017.11.29 19:24:15.824,1.52363,1.52379,1.00,1.00
2017.11.29 19:24:15.875,1.52361,1.52379,1.00,1.00
2017.11.29 19:24:16.387,1.52362,1.52379,1.00,1.31
2017.11.29 19:24:16.439,1.52365,1.5238,1.25,1.00
2017.11.29 19:24:16.491,1.52365,1.52382,1.25,1.87
2017.11.29 19:24:17.581,1.52365,1.52382,1.19,1.12
2017.11.29 19:24:18.927,1.52365,1.52382,1.25,1.12
2017.11.29 19:24:22.343,1.52364,1.52383,1.19,2.25
2017.11.29 19:24:22.395,1.52369,1.52387,1.25,3.56
2017.11.29 19:24:22.448,1.5237,1.52387,1.19,2.25
2017.11.29 19:24:22.499,1.5237,1.52387,1.19,1.50
2017.11.29 19:24:23.105,1.5237,1.52388,1.19,1.50
2017.11.29 19:24:23.410,1.52365,1.52381,3.00,1.69
2017.11.29 19:24:23.462,1.52363,1.5238,1.50,1.69
2017.11.29 19:24:23.514,1.52361,1.5238,1.00,3.19
2017.11.29 19:24:24.023,1.52359,1.52378,1.87,1.25
2017.11.29 19:24:25.957,1.52358,1.52374,3.19,1.00
2017.11.29 19:24:26.111,1.52356,1.52374,1.50,1.50
2017.11.29 19:24:26.163,1.52357,1.52376,1.00,2.81
2017.11.29 19:24:26.642,1.5236,1.52376,1.00,1.69
2017.11.29 19:24:26.852,1.52365,1.52382,1.50,1.00
2017.11.29 19:24:26.905,1.52366,1.52384,1.00,1.00
2017.11.29 19:24:27.048,1.52365,1.52381,1.25,1.12
2017.11.29 19:24:27.355,1.52363,1.5238,1.00,1.50
2017.11.29 19:24:27.929,1.52362,1.5238,1.00,2.25
2017.11.29 19:24:28.186,1.5236,1.52379,1.87,1.75
2017.11.29 19:24:28.663,1.52356,1.52375,4.31,1.00
2017.11.29 19:24:28.715,1.52356,1.52373,1.50,1.00
2017.11.29 19:24:29.190,1.52356,1.52374,1.12,1.69
2017.11.29 19:24:29.396,1.52351,1.52369,1.00,1.69
2017.11.29 19:24:29.682,1.52352,1.52371,1.00,3.00
2017.11.29 19:24:29.734,1.52354,1.52371,1.00,1.31
2017.11.29 19:24:30.199,1.52355,1.5237,1.50,1.31
2017.11.29 19:24:30.347,1.52352,1.5237,1.50,1.69
2017.11.29 19:24:30.450,1.52352,1.52369,1.00,1.69
2017.11.29 19:24:30.964,1.52351,1.52368,1.00,1.19
2017.11.29 19:24:31.256,1.52345,1.52363,2.62,1.19
2017.11.29 19:24:31.985,1.52345,1.52363,2.06,1.00
2017.11.29 19:24:32.889,1.52345,1.52363,3.19,1.00
2017.11.29 19:24:33.491,1.52346,1.52363,1.00,1.00
2017.11.29 19:24:34.048,1.52345,1.52364,4.31,1.00
2017.11.29 19:24:36.220,1.52345,1.52363,2.44,1.00
2017.11.29 19:24:36.954,1.52343,1.52361,1.69,1.00
2017.11.29 19:24:38.684,1.52344,1.52362,1.19,1.25
2017.11.29 19:24:39.859,1.52344,1.52362,1.87,1.00
2017.11.29 19:24:40.488,1.52342,1.52359,1.19,1.00
2017.11.29 19:24:41.034,1.5234,1.52358,1.69,1.00
2017.11.29 19:24:42.121,1.5234,1.52359,1.69,1.19
2017.11.29 19:24:42.760,1.5234,1.52359,1.69,1.19
2017.11.29 19:24:44.150,1.52341,1.52359,1.12,1.00
2017.11.29 19:24:44.509,1.52341,1.52358,1.75,1.00
2017.11.29 19:24:44.826,1.5234,1.52358,1.87,1.00
2017.11.29 19:24:44.878,1.52341,1.5236,1.12,2.06
2017.11.29 19:24:45.385,1.52341,1.5236,1.12,2.25
2017.11.29 19:24:45.959,1.52339,1.52357,1.00,1.25
2017.11.29 19:24:46.424,1.52338,1.52356,1.50,1.50
2017.11.29 19:24:48.111,1.52337,1.52356,1.12,1.50
2017.11.29 19:24:50.965,1.52335,1.52354,2.44,1.69
2017.11.29 19:24:51.120,1.52333,1.52353,3.37,1.00
2017.11.29 19:24:51.682,1.52333,1.52352,3.56,1.00
2017.11.29 19:24:51.786,1.52333,1.5235,1.00,1.87
2017.11.29 19:24:51.889,1.52331,1.5235,1.50,1.87
2017.11.29 19:24:52.409,1.52332,1.5235,1.00,1.12
2017.11.29 19:24:53.702,1.52331,1.5235,1.25,2.62
2017.11.29 19:24:53.755,1.52333,1.52349,1.00,1.00
2017.11.29 19:24:54.038,1.52335,1.52354,1.50,1.69
2017.11.29 19:24:54.583,1.52333,1.52351,1.00,1.19
2017.11.29 19:24:54.890,1.52331,1.52349,1.75,1.19
2017.11.29 19:24:54.943,1.52329,1.52349,3.56,1.31
2017.11.29 19:24:55.603,1.52331,1.52349,1.00,2.25
2017.11.29 19:24:55.849,1.52332,1.5235,1.12,1.69
2017.11.29 19:24:56.093,1.52335,1.52351,1.00,1.00
2017.11.29 19:24:56.146,1.52335,1.52353,1.12,1.25
2017.11.29 19:24:57.146,1.52335,1.52354,1.87,1.19
2017.11.29 19:25:00.502,1.52334,1.52353,2.44,1.19
2017.11.29 19:25:01.052,1.52335,1.52354,1.00,1.87
2017.11.29 19:25:01.263,1.52332,1.52346,1.00,1.25
2017.11.29 19:25:01.317,1.52332,1.52349,1.12,1.25
2017.11.29 19:25:01.829,1.52333,1.52348,1.00,1.00
2017.11.29 19:25:02.416,1.52333,1.52351,1.12,1.19
2017.11.29 19:25:03.791,1.52333,1.52351,1.00,1.50
2017.11.29 19:25:04.342,1.52334,1.52352,1.25,2.00
2017.11.29 19:25:04.551,1.52336,1.52353,1.00,1.31
2017.11.29 19:25:04.910,1.52334,1.52352,1.12,1.19
2017.11.29 19:25:05.571,1.52335,1.52352,1.00,1.19
2017.11.29 19:25:05.960,1.52335,1.52353,1.50,1.69
2017.11.29 19:25:06.165,1.52335,1.52353,1.50,1.19
2017.11.29 19:25:06.715,1.52334,1.52351,1.50,1.25
2017.11.29 19:25:07.276,1.52334,1.52351,1.12,1.25
2017.11.29 19:25:07.609,1.52333,1.5235,1.00,2.44
2017.11.29 19:25:07.917,1.52331,1.52346,1.00,1.19
2017.11.29 19:25:08.512,1.5233,1.52349,1.00,2.62
2017.11.29 19:25:09.164,1.52332,1.52349,1.00,1.87
2017.11.29 19:25:09.936,1.52329,1.52347,1.12,1.19
2017.11.29 19:25:10.885,1.52327,1.52345,1.25,1.31
2017.11.29 19:25:10.987,1.52325,1.52343,1.12,1.25
2017.11.29 19:25:11.468,1.52326,1.52345,1.75,1.31
2017.11.29 19:25:11.789,1.52326,1.52345,2.25,1.25
2017.11.29 19:25:12.342,1.52327,1.52346,1.50,1.12
2017.11.29 19:25:12.394,1.52327,1.52346,1.50,1.44
2017.11.29 19:25:12.547,1.52326,1.52345,1.31,1.19
2017.11.29 19:25:13.611,1.52326,1.52345,1.00,1.69
2017.11.29 19:25:14.357,1.52325,1.52343,1.12,1.25
2017.11.29 19:25:14.893,1.52325,1.52342,1.12,1.00
2017.11.29 19:25:15.417,1.52325,1.52343,1.12,1.00
2017.11.29 19:25:18.424,1.52329,1.52346,1.00,2.06
2017.11.29 19:25:18.476,1.5233,1.52347,1.00,1.00
2017.11.29 19:25:18.528,1.5233,1.52348,2.25,1.87
2017.11.29 19:25:18.632,1.5233,1.52348,1.12,1.87
2017.11.29 19:25:18.939,1.52328,1.52345,2.25,1.19
2017.11.29 19:25:19.101,1.52327,1.52345,1.00,1.19
2017.11.29 19:25:20.311,1.52326,1.52344,1.12,1.12
2017.11.29 19:25:23.313,1.5233,1.52347,1.00,1.00
2017.11.29 19:25:23.622,1.52334,1.52353,1.00,2.25
2017.11.29 19:25:25.153,1.52333,1.52352,1.50,2.06
2017.11.29 19:25:25.205,1.5233,1.52348,2.06,1.25
2017.11.29 19:25:25.730,1.5233,1.52348,1.87,1.25
2017.11.29 19:25:26.181,1.52329,1.52347,2.25,1.69
2017.11.29 19:25:27.087,1.5233,1.52347,1.00,1.19
2017.11.29 19:25:28.022,1.52328,1.52346,1.50,1.69
2017.11.29 19:25:28.178,1.52325,1.52342,2.44,1.19
2017.11.29 19:25:28.449,1.52322,1.5234,1.12,1.19
2017.11.29 19:25:29.270,1.52322,1.5234,1.12,1.69
2017.11.29 19:25:30.632,1.52323,1.52341,1.50,1.31
2017.11.29 19:25:30.684,1.52325,1.52343,1.12,1.19
2017.11.29 19:25:30.735,1.52323,1.52342,1.12,1.19
2017.11.29 19:25:31.271,1.52324,1.52342,1.00,1.19
2017.11.29 19:25:33.490,1.52324,1.52341,1.00,1.19
2017.11.29 19:25:33.899,1.52324,1.5234,1.00,1.69
2017.11.29 19:25:34.108,1.52321,1.5234,1.00,3.19
2017.11.29 19:25:34.582,1.52323,1.52341,1.50,2.44
2017.11.29 19:25:37.150,1.52323,1.5234,1.00,2.06
2017.11.29 19:25:37.252,1.52321,1.52339,1.50,1.69
2017.11.29 19:25:38.669,1.52324,1.52341,1.00,1.25
2017.11.29 19:25:39.194,1.52323,1.52342,1.12,1.31
2017.11.29 19:25:41.747,1.52322,1.52341,1.12,1.87
2017.11.29 19:25:41.947,1.52321,1.5234,1.50,1.56
2017.11.29 19:25:41.999,1.52321,1.52339,1.00,1.31
2017.11.29 19:25:43.170,1.52321,1.52339,1.00,1.31
2017.11.29 19:25:43.551,1.52318,1.52336,1.69,1.19
2017.11.29 19:25:44.094,1.5232,1.52339,1.12,1.69
2017.11.29 19:25:44.216,1.5232,1.52339,1.31,1.19
2017.11.29 19:25:44.373,1.52321,1.52339,1.37,1.19
2017.11.29 19:25:47.938,1.52319,1.52338,1.69,1.19
2017.11.29 19:25:48.930,1.52319,1.52338,1.50,1.19
2017.11.29 19:25:49.509,1.52318,1.52338,2.44,2.06
2017.11.29 19:25:50.059,1.52318,1.52336,2.25,1.19
2017.11.29 19:25:50.324,1.52318,1.52336,1.87,1.19
2017.11.29 19:25:51.280,1.52318,1.52336,1.00,1.31
2017.11.29 19:25:52.594,1.52321,1.52337,1.00,1.19
2017.11.29 19:25:54.489,1.52322,1.52339,1.00,1.69
2017.11.29 19:25:57.100,1.52323,1.5234,1.00,1.19
2017.11.29 19:26:00.362,1.52323,1.5234,1.50,1.19
2017.11.29 19:26:00.705,1.52329,1.52345,1.00,2.44
2017.11.29 19:26:00.757,1.52329,1.52345,1.00,2.44
2017.11.29 19:26:02.604,1.52328,1.52346,1.12,1.69
2017.11.29 19:26:03.141,1.52329,1.52346,1.12,1.19
2017.11.29 19:26:04.570,1.52333,1.5235,1.50,2.25
2017.11.29 19:26:04.673,1.52335,1.52351,1.00,1.00
2017.11.29 19:26:04.878,1.52337,1.52354,1.00,1.19
2017.11.29 19:26:05.082,1.52337,1.52354,1.00,1.00
2017.11.29 19:26:06.107,1.52337,1.52355,1.00,2.06
2017.11.29 19:26:06.612,1.52338,1.52355,1.00,2.06
2017.11.29 19:26:10.791,1.52339,1.52357,1.12,1.31
2017.11.29 19:26:11.851,1.52338,1.52356,1.31,1.19
2017.11.29 19:26:12.475,1.52338,1.52356,1.31,1.25
2017.11.29 19:26:13.406,1.52338,1.52356,1.31,1.19
2017.11.29 19:26:16.977,1.52335,1.5235,1.00,1.25
2017.11.29 19:26:17.029,1.52332,1.52349,1.69,1.50
2017.11.29 19:26:17.081,1.5233,1.52348,4.31,1.00
2017.11.29 19:26:17.634,1.5233,1.52348,1.87,1.00
2017.11.29 19:26:21.112,1.5233,1.5235,1.69,1.87
2017.11.29 19:26:21.949,1.52331,1.52349,1.00,1.12
2017.11.29 19:26:22.002,1.52334,1.52351,1.00,1.75
2017.11.29 19:26:22.054,1.52334,1.52351,1.00,1.00
2017.11.29 19:26:23.135,1.52334,1.52352,1.00,1.50
2017.11.29 19:26:24.051,1.52334,1.52352,1.50,1.50
2017.11.29 19:26:26.049,1.52334,1.52352,1.00,1.00
2017.11.29 19:26:26.887,1.52335,1.52352,1.00,1.00
2017.11.29 19:26:29.201,1.5233,1.52346,1.00,1.19
2017.11.29 19:26:29.304,1.52324,1.52343,1.69,2.25
2017.11.29 19:26:30.680,1.52324,1.52343,1.87,1.50
2017.11.29 19:26:31.229,1.52324,1.52343,1.87,2.25
2017.11.29 19:26:31.332,1.52326,1.52343,1.00,1.50
2017.11.29 19:26:31.643,1.52338,1.52356,1.00,2.44
2017.11.29 19:26:31.920,1.52336,1.52356,1.00,3.19
2017.11.29 19:26:32.191,1.52336,1.52356,1.37,2.81
2017.11.29 19:26:33.784,1.52335,1.52353,2.25,1.19
2017.11.29 19:26:33.887,1.52333,1.52351,2.25,1.00
2017.11.29 19:26:34.040,1.52333,1.52351,1.12,1.00
2017.11.29 19:26:34.571,1.52333,1.52354,2.81,4.69
2017.11.29 19:26:36.131,1.52335,1.52354,1.75,2.44
2017.11.29 19:26:39.325,1.52339,1.52357,1.12,1.50
2017.11.29 19:26:39.378,1.52339,1.52357,1.50,1.69
2017.11.29 19:26:39.704,1.52341,1.5236,1.12,3.56
2017.11.29 19:26:40.658,1.52341,1.5236,1.12,2.25
2017.11.29 19:26:41.946,1.52341,1.5236,1.12,3.00
2017.11.29 19:26:42.904,1.52344,1.5236,1.50,1.31
2017.11.29 19:26:43.162,1.52342,1.52361,1.00,1.69
2017.11.29 19:26:43.316,1.5235,1.52361,1.00,1.50
2017.11.29 19:26:43.368,1.52349,1.52366,2.25,1.19
2017.11.29 19:26:43.422,1.52352,1.5237,1.00,2.44
2017.11.29 19:26:43.732,1.52353,1.52373,1.50,3.56
2017.11.29 19:26:43.836,1.52356,1.52374,1.00,2.81
2017.11.29 19:26:44.022,1.52357,1.52375,1.00,1.12
2017.11.29 19:26:44.127,1.52354,1.52371,1.12,1.19
2017.11.29 19:26:44.639,1.52353,1.52371,1.00,1.69
2017.11.29 19:26:45.137,1.52355,1.52371,1.00,1.00
2017.11.29 19:26:45.658,1.52354,1.52371,2.00,1.00
2017.11.29 19:26:45.944,1.5236,1.52377,1.00,1.00
2017.11.29 19:26:45.997,1.52359,1.52377,3.37,1.19
2017.11.29 19:26:46.461,1.52357,1.52375,1.00,1.00
2017.11.29 19:26:46.514,1.52352,1.52367,2.25,1.19
2017.11.29 19:26:46.618,1.52347,1.5236,1.50,1.00
2017.11.29 19:26:46.721,1.52341,1.5236,3.19,1.50
2017.11.29 19:26:47.903,1.5234,1.52358,2.81,1.00
2017.11.29 19:26:47.955,1.52344,1.5236,1.19,1.00
2017.11.29 19:26:48.007,1.52342,1.52361,2.62,1.00
2017.11.29 19:26:48.060,1.5234,1.52357,2.25,1.00
2017.11.29 19:26:48.221,1.52334,1.5235,1.00,1.31
2017.11.29 19:26:48.272,1.52331,1.5235,1.87,1.31
2017.11.29 19:26:48.477,1.52329,1.52349,1.69,1.69
2017.11.29 19:26:48.530,1.5233,1.52349,2.25,1.25
2017.11.29 19:26:48.841,1.52336,1.52353,1.00,2.25
2017.11.29 19:26:48.997,1.52339,1.52358,1.12,1.87
2017.11.29 19:26:49.151,1.52342,1.52358,1.00,1.00
2017.11.29 19:26:49.203,1.52339,1.52358,1.87,1.50
2017.11.29 19:26:49.741,1.52341,1.52358,1.00,1.00
2017.11.29 19:26:49.846,1.52342,1.52361,1.31,1.31
2017.11.29 19:26:49.898,1.52342,1.52361,2.44,1.00
2017.11.29 19:26:50.226,1.52342,1.52358,1.75,1.00
2017.11.29 19:26:50.278,1.52338,1.52358,3.37,1.00
2017.11.29 19:26:50.381,1.52341,1.52357,1.00,1.00
2017.11.29 19:26:50.919,1.52339,1.52358,1.31,1.12
2017.11.29 19:26:52.206,1.52338,1.52357,1.69,1.50
2017.11.29 19:26:53.710,1.52336,1.52356,4.87,1.00
2017.11.29 19:26:55.108,1.52336,1.52356,2.44,1.87
2017.11.29 19:26:55.690,1.52336,1.52356,3.19,1.50
2017.11.29 19:26:56.019,1.5234,1.52357,1.00,2.44
2017.11.29 19:26:56.330,1.52343,1.52361,1.31,1.00
2017.11.29 19:26:57.185,1.52341,1.52361,1.37,2.81
2017.11.29 19:26:57.716,1.5234,1.52361,3.75,3.00
2017.11.29 19:26:57.871,1.52344,1.52361,1.50,1.00
2017.11.29 19:26:58.176,1.52346,1.52365,3.00,1.69
