2009.06.22 08:00:00.221,1.58255,1.58335,1.60,1.60
2009.06.22 08:00:01.021,1.5825,1.58335,4.60,1.60
2009.06.22 08:00:01.241,1.5825,1.5834,4.60,1.60
2009.06.22 08:00:01.461,1.58255,1.58335,1.60,1.60
2009.06.22 08:00:01.691,1.5825,1.5834,1.60,1.60
2009.06.22 08:00:01.811,1.58235,1.5833,1.60,1.60
2009.06.22 08:00:02.210,1.5823,1.58325,3.00,1.60
2009.06.22 08:00:02.491,1.5823,1.5833,3.00,1.60
2009.06.22 08:00:02.731,1.5822,1.58315,1.60,1.00
2009.06.22 08:00:03.020,1.5821,1.5831,3.00,1.00
2009.06.22 08:00:03.310,1.58215,1.5832,3.00,1.00
2009.06.22 08:00:03.610,1.58215,1.58315,3.00,1.60
2009.06.22 08:00:05.740,1.5821,1.58315,3.00,1.60
2009.06.22 08:00:06.319,1.58215,1.58315,3.00,1.60
2009.06.22 08:00:06.620,1.5821,1.58315,3.00,1.00
2009.06.22 08:00:06.910,1.5821,1.5831,3.00,1.60
2009.06.22 08:00:07.251,1.5821,1.58315,3.00,1.00
2009.06.22 08:00:07.699,1.58215,1.5832,3.00,1.00
2009.06.22 08:00:08.159,1.5822,1.5832,3.00,1.00
2009.06.22 08:00:08.449,1.58225,1.58325,3.00,1.60
2009.06.22 08:00:08.789,1.5818,1.583,3.00,1.60
2009.06.22 08:00:09.069,1.5818,1.58305,3.00,1.00
2009.06.22 08:00:09.339,1.5819,1.58315,3.00,1.60
2009.06.22 08:00:11.158,1.58225,1.5831,3.00,1.60
2009.06.22 08:00:11.519,1.58225,1.5832,3.00,1.60
2009.06.22 08:00:11.759,1.58225,1.58345,3.00,1.60
2009.06.22 08:00:12.058,1.58225,1.58345,3.00,1.00
2009.06.22 08:00:12.738,1.58245,1.58345,1.60,1.00
2009.06.22 08:00:13.078,1.58235,1.5834,3.00,1.00
2009.06.22 08:00:13.408,1.5825,1.5835,3.00,3.40
2009.06.22 08:00:13.768,1.58265,1.58335,3.00,1.60
2009.06.22 08:00:14.288,1.58255,1.583,3.00,1.60
2009.06.22 08:00:14.768,1.5808,1.5826,1.60,1.60
2009.06.22 08:00:15.067,1.5823,1.58265,3.00,5.00
2009.06.22 08:00:15.398,1.5823,1.5825,3.00,2.00
2009.06.22 08:00:15.757,1.58095,1.5823,3.00,1.60
2009.06.22 08:00:16.097,1.5814,1.58215,3.00,1.60
2009.06.22 08:00:16.557,1.5811,1.582,1.00,1.00
2009.06.22 08:00:16.857,1.5813,1.58185,1.00,1.00
2009.06.22 08:00:17.237,1.5814,1.58225,1.00,1.00
2009.06.22 08:00:17.577,1.5815,1.58225,1.60,1.00
2009.06.22 08:00:18.027,1.5815,1.58245,1.60,1.00
2009.06.22 08:00:18.367,1.5816,1.5822,1.60,3.00
2009.06.22 08:00:18.717,1.58165,1.58215,3.00,1.60
2009.06.22 08:00:19.057,1.58155,1.58215,3.00,3.20
2009.06.22 08:00:19.407,1.5813,1.58215,3.00,3.20
2009.06.22 08:00:19.796,1.5815,1.58215,3.00,1.60
2009.06.22 08:00:20.126,1.5813,1.5822,3.00,1.60
2009.06.22 08:00:20.456,1.58135,1.58225,3.00,1.60
2009.06.22 08:00:20.926,1.5814,1.5822,1.00,1.60
2009.06.22 08:00:21.156,1.5814,1.5823,4.80,1.60
2009.06.22 08:00:21.446,1.58145,1.5823,1.60,2.80
2009.06.22 08:00:21.666,1.5815,1.58235,1.60,1.60
2009.06.22 08:00:21.966,1.5816,1.58235,3.00,1.60
2009.06.22 08:00:22.296,1.58155,1.5824,3.00,3.20
2009.06.22 08:00:22.626,1.58155,1.58245,3.00,2.80
2009.06.22 08:00:23.026,1.58155,1.5825,3.00,6.20
2009.06.22 08:00:23.366,1.5816,1.58245,1.60,1.00
2009.06.22 08:00:23.755,1.58165,1.5824,1.60,2.80
2009.06.22 08:00:23.976,1.5816,1.5823,4.60,1.60
2009.06.22 08:00:24.265,1.5816,1.5823,3.00,1.60
2009.06.22 08:00:24.545,1.5816,1.5824,4.60,3.00
2009.06.22 08:00:24.825,1.5816,1.5824,3.00,1.60
2009.06.22 08:00:25.145,1.58175,1.5824,1.00,1.60
2009.06.22 08:00:25.505,1.5818,1.58245,1.60,1.00
2009.06.22 08:00:25.855,1.5817,1.5826,1.60,1.60
2009.06.22 08:00:26.195,1.5818,1.58265,3.00,3.20
2009.06.22 08:00:26.535,1.58185,1.58265,1.00,3.20
2009.06.22 08:00:26.985,1.58175,1.58265,4.60,1.60
2009.06.22 08:00:27.275,1.58185,1.58275,1.60,1.60
2009.06.22 08:00:27.505,1.58205,1.583,1.60,3.40
2009.06.22 08:00:27.735,1.5818,1.583,1.60,3.40
2009.06.22 08:00:27.964,1.58185,1.5833,1.60,2.80
2009.06.22 08:00:28.235,1.58185,1.5831,3.00,1.00
2009.06.22 08:00:28.564,1.58185,1.58305,3.00,2.80
2009.06.22 08:00:28.894,1.58195,1.5831,3.00,1.00
2009.06.22 08:00:29.265,1.5821,1.58285,1.60,1.00
2009.06.22 08:00:29.544,1.58215,1.5831,1.60,1.00
2009.06.22 08:00:30.154,1.5821,1.5831,1.60,1.60
2009.06.22 08:00:30.494,1.5821,1.58285,1.60,1.00
2009.06.22 08:00:31.184,1.582,1.58285,2.40,1.00
2009.06.22 08:00:31.584,1.582,1.5829,1.60,2.80
2009.06.22 08:00:31.803,1.58175,1.5828,1.60,2.80
2009.06.22 08:00:32.243,1.5816,1.58275,1.00,1.00
2009.06.22 08:00:32.633,1.5816,1.58265,1.80,1.00
2009.06.22 08:00:32.973,1.5818,1.5826,3.00,1.60
2009.06.22 08:00:33.443,1.58165,1.58265,1.00,3.20
2009.06.22 08:00:33.733,1.5817,1.5827,1.60,1.00
2009.06.22 08:00:33.973,1.5818,1.5827,3.00,4.40
2009.06.22 08:00:34.253,1.58185,1.58265,3.00,4.60
2009.06.22 08:00:34.483,1.5818,1.58255,3.00,5.00
2009.06.22 08:00:34.713,1.58165,1.5825,3.00,3.20
2009.06.22 08:00:35.283,1.5814,1.5824,4.60,5.00
2009.06.22 08:00:35.523,1.5815,1.58245,1.00,1.60
2009.06.22 08:00:35.873,1.5816,1.5824,1.60,1.00
2009.06.22 08:00:36.222,1.58155,1.5824,1.60,1.00
2009.06.22 08:00:36.572,1.5816,1.5825,3.00,1.60
2009.06.22 08:00:36.803,1.5817,1.5826,3.00,2.80
2009.06.22 08:00:37.092,1.5817,1.5826,3.00,1.60
2009.06.22 08:00:37.382,1.5817,1.5826,3.00,2.80
2009.06.22 08:00:37.722,1.5816,1.5826,3.00,2.80
2009.06.22 08:00:38.122,1.5817,1.5826,3.00,2.80
2009.06.22 08:00:38.812,1.5817,1.5826,3.00,1.60
2009.06.22 08:00:39.162,1.5817,1.5826,3.00,6.20
2009.06.22 08:00:39.522,1.5817,1.5825,3.00,1.60
2009.06.22 08:00:39.872,1.5817,1.58255,3.00,6.00
2009.06.22 08:00:40.201,1.5817,1.58245,1.60,1.00
2009.06.22 08:00:40.652,1.5817,1.5826,3.00,2.80
2009.06.22 08:00:41.002,1.58155,1.5825,3.00,3.00
2009.06.22 08:00:41.281,1.58155,1.58245,3.00,2.80
2009.06.22 08:00:41.511,1.58145,1.5824,1.60,1.60
2009.06.22 08:00:41.801,1.58135,1.5824,4.60,1.60
2009.06.22 08:00:42.161,1.58135,1.5824,4.60,1.00
2009.06.22 08:00:42.441,1.58145,1.58245,3.00,2.80
2009.06.22 08:00:42.731,1.58145,1.58245,3.00,6.00
2009.06.22 08:00:43.021,1.58145,1.58235,3.00,1.60
2009.06.22 08:00:43.431,1.5814,1.5823,1.60,2.80
2009.06.22 08:00:43.771,1.58135,1.58235,3.00,2.80
2009.06.22 08:00:44.450,1.58145,1.58225,1.60,1.00
2009.06.22 08:00:44.801,1.58155,1.5824,4.60,1.60
2009.06.22 08:00:45.210,1.58155,1.5823,3.00,1.00
2009.06.22 08:00:45.560,1.58155,1.5822,3.00,1.60
2009.06.22 08:00:45.950,1.5814,1.58225,1.60,1.60
2009.06.22 08:00:46.280,1.58135,1.5822,9.40,1.00
2009.06.22 08:00:46.550,1.58135,1.5822,1.60,1.00
2009.06.22 08:00:46.780,1.58125,1.5821,1.60,1.00
2009.06.22 08:00:47.580,1.5814,1.5822,1.60,3.20
2009.06.22 08:00:47.940,1.58145,1.58225,1.60,3.20
2009.06.22 08:00:48.270,1.5815,1.58225,1.60,1.60
2009.06.22 08:00:48.499,1.58165,1.5823,1.60,3.20
2009.06.22 08:00:48.849,1.58155,1.5823,1.60,1.60
2009.06.22 08:00:49.069,1.5817,1.58235,1.60,3.20
2009.06.22 08:00:49.239,1.5817,1.5823,1.60,1.60
2009.06.22 08:00:49.699,1.58165,1.5824,1.60,1.60
2009.06.22 08:00:49.879,1.58165,1.5824,1.60,1.60
2009.06.22 08:00:50.119,1.58165,1.58235,1.60,1.60
2009.06.22 08:00:50.349,1.58165,1.58235,1.60,3.20
2009.06.22 08:00:50.519,1.58165,1.5823,1.60,1.60
2009.06.22 08:00:50.939,1.58155,1.5823,1.60,1.60
2009.06.22 08:00:51.399,1.58155,1.58225,1.60,1.60
2009.06.22 08:00:51.749,1.58165,1.5823,1.60,1.60
2009.06.22 08:00:52.039,1.5817,1.5823,1.60,1.60
2009.06.22 08:00:52.269,1.5817,1.58235,1.60,1.60
2009.06.22 08:00:52.539,1.5816,1.58235,1.60,1.60
2009.06.22 08:00:52.879,1.58165,1.58235,1.60,3.20
2009.06.22 08:00:53.368,1.5817,1.58235,1.60,3.20
2009.06.22 08:00:53.658,1.58165,1.58235,1.60,3.20
2009.06.22 08:00:54.078,1.5816,1.58235,1.60,1.60
2009.06.22 08:00:54.608,1.58175,1.58235,1.60,1.60
2009.06.22 08:00:54.958,1.5817,1.58245,1.60,1.60
2009.06.22 08:00:55.768,1.58165,1.58245,1.60,1.60
2009.06.22 08:00:56.178,1.5817,1.5825,1.60,8.00
2009.06.22 08:00:56.468,1.58175,1.58245,1.60,6.60
2009.06.22 08:00:56.758,1.58175,1.58245,1.60,3.20
2009.06.22 08:00:57.217,1.58175,1.58245,1.60,1.60
2009.06.22 08:00:58.267,1.5819,1.58255,1.60,4.40
2009.06.22 08:00:58.507,1.5818,1.5824,1.60,6.60
2009.06.22 08:00:58.807,1.58165,1.58235,1.60,1.60
2009.06.22 08:00:59.037,1.58165,1.58235,1.60,3.20
2009.06.22 08:00:59.437,1.58165,1.58235,4.00,3.20
2009.06.22 08:00:59.717,1.5817,1.58235,1.60,1.60
2009.06.22 08:01:00.067,1.5817,1.5824,1.60,1.60
2009.06.22 08:01:00.536,1.5817,1.58245,1.60,1.60
2009.06.22 08:01:01.776,1.58165,1.58245,1.60,1.60
2009.06.22 08:01:02.236,1.58165,1.58245,1.60,1.60
2009.06.22 08:01:03.086,1.58165,1.58245,1.60,1.60
2009.06.22 08:01:04.216,1.58165,1.58245,4.00,1.60
2009.06.22 08:01:05.755,1.58165,1.58245,4.00,1.60
2009.06.22 08:01:06.745,1.58175,1.58245,1.60,1.60
2009.06.22 08:01:07.045,1.5818,1.58245,1.60,1.60
2009.06.22 08:01:07.275,1.5818,1.5825,1.60,1.60
2009.06.22 08:01:07.605,1.5818,1.58255,1.60,1.60
2009.06.22 08:01:08.405,1.5818,1.58255,1.60,6.60
2009.06.22 08:01:09.254,1.5818,1.58255,1.60,3.20
2009.06.22 08:01:09.414,1.5819,1.58255,1.60,3.20
2009.06.22 08:01:09.635,1.5819,1.58255,1.60,1.60
2009.06.22 08:01:10.034,1.58175,1.58245,3.20,3.40
2009.06.22 08:01:10.485,1.58175,1.58245,1.60,5.00
2009.06.22 08:01:11.114,1.5817,1.5824,1.60,3.40
2009.06.22 08:01:11.744,1.5817,1.5824,1.60,5.00
2009.06.22 08:01:13.443,1.5816,1.5824,2.40,5.00
2009.06.22 08:01:13.773,1.58155,1.58235,8.80,3.40
2009.06.22 08:01:13.823,1.58155,1.58235,5.60,3.40
2009.06.22 08:01:14.123,1.58155,1.58235,4.00,5.00
2009.06.22 08:01:14.703,1.5816,1.58235,1.60,5.00
2009.06.22 08:01:15.333,1.58165,1.58235,1.60,1.60
2009.06.22 08:01:15.683,1.5816,1.5824,2.40,5.00
2009.06.22 08:01:15.973,1.58155,1.5823,1.60,3.40
2009.06.22 08:01:16.373,1.5816,1.58235,4.00,1.60
2009.06.22 08:01:20.972,1.58175,1.58245,1.60,5.00
2009.06.22 08:01:21.322,1.5817,1.58245,1.60,5.00
2009.06.22 08:01:21.922,1.5817,1.5824,1.60,3.40
2009.06.22 08:01:22.042,1.5817,1.5824,1.60,1.60
2009.06.22 08:01:22.381,1.58165,1.5824,1.60,5.00
2009.06.22 08:01:22.711,1.5817,1.5824,1.60,1.60
2009.06.22 08:01:23.061,1.5817,1.58245,1.60,6.60
2009.06.22 08:01:23.341,1.5817,1.58245,1.60,5.00
2009.06.22 08:01:24.701,1.58175,1.58245,1.60,5.00
2009.06.22 08:01:25.041,1.58175,1.58245,1.60,1.60
2009.06.22 08:01:25.211,1.58175,1.5825,1.60,6.60
2009.06.22 08:01:25.891,1.5817,1.58245,1.60,5.00
2009.06.22 08:01:26.230,1.58175,1.58245,1.60,1.60
2009.06.22 08:01:26.700,1.58175,1.5825,1.60,6.60
2009.06.22 08:01:27.320,1.58175,1.5825,1.60,5.00
2009.06.22 08:01:29.920,1.58175,1.5825,1.60,6.60
2009.06.22 08:01:31.359,1.58175,1.58245,1.60,1.60
2009.06.22 08:01:31.709,1.58175,1.5825,1.60,6.60
2009.06.22 08:01:32.009,1.5817,1.5825,2.40,6.60
2009.06.22 08:01:32.130,1.58165,1.5824,3.20,3.40
2009.06.22 08:01:32.429,1.58165,1.5824,1.60,5.00
2009.06.22 08:01:32.819,1.58175,1.5824,1.60,1.60
2009.06.22 08:01:33.149,1.58175,1.58245,1.60,1.60
2009.06.22 08:01:33.499,1.58175,1.5825,1.60,6.60
2009.06.22 08:01:35.418,1.58185,1.5825,1.60,6.60
2009.06.22 08:01:35.828,1.5818,1.5824,1.60,3.40
2009.06.22 08:01:36.228,1.5818,1.5824,1.60,6.60
2009.06.22 08:01:38.607,1.58175,1.5824,1.60,6.60
2009.06.22 08:01:38.957,1.58175,1.58235,1.60,3.40
2009.06.22 08:01:39.307,1.58175,1.58235,1.60,6.60
2009.06.22 08:01:40.447,1.58175,1.58235,1.60,5.00
2009.06.22 08:01:41.477,1.58175,1.58225,1.60,3.40
2009.06.22 08:01:41.717,1.5816,1.58225,1.60,3.40
2009.06.22 08:01:41.957,1.58165,1.5822,1.60,3.40
2009.06.22 08:01:42.177,1.58165,1.5822,1.60,5.00
2009.06.22 08:01:46.605,1.58165,1.5822,1.60,6.60
2009.06.22 08:01:46.955,1.5816,1.5822,1.60,6.60
2009.06.22 08:01:48.205,1.58155,1.5822,1.60,6.60
2009.06.22 08:01:48.555,1.5815,1.5821,1.60,5.00
2009.06.22 08:01:48.835,1.58145,1.58205,1.60,3.40
2009.06.22 08:01:49.165,1.5815,1.58205,1.60,5.00
2009.06.22 08:01:49.555,1.5814,1.58195,1.60,3.40
2009.06.22 08:01:49.825,1.58135,1.58195,1.60,5.00
2009.06.22 08:01:50.215,1.5814,1.58195,1.60,6.60
2009.06.22 08:01:50.454,1.58125,1.5819,1.60,3.40
2009.06.22 08:01:50.745,1.58135,1.5819,1.60,3.40
2009.06.22 08:01:51.085,1.5813,1.5819,1.60,3.40
2009.06.22 08:01:52.414,1.58125,1.5819,1.60,3.40
2009.06.22 08:01:52.764,1.58125,1.58185,1.60,3.40
2009.06.22 08:01:53.154,1.58125,1.58185,1.60,5.00
2009.06.22 08:01:53.384,1.58135,1.58185,1.60,1.60
2009.06.22 08:01:53.884,1.5813,1.5819,1.60,11.20
2009.06.22 08:01:54.223,1.58125,1.58195,1.60,6.60
2009.06.22 08:01:54.564,1.5813,1.5819,1.60,3.40
2009.06.22 08:01:54.924,1.5814,1.58195,1.60,11.20
2009.06.22 08:01:55.213,1.5814,1.582,1.60,12.80
2009.06.22 08:01:55.553,1.5814,1.5821,1.60,17.80
2009.06.22 08:01:55.833,1.58135,1.582,1.60,3.40
2009.06.22 08:01:57.213,1.58135,1.582,1.60,14.60
2009.06.22 08:01:57.673,1.5813,1.582,1.60,14.60
2009.06.22 08:01:57.893,1.5813,1.58195,1.60,3.40
2009.06.22 08:01:58.073,1.5813,1.582,1.60,17.80
2009.06.22 08:01:58.813,1.5814,1.582,1.60,17.80
2009.06.22 08:01:59.202,1.5814,1.582,1.60,16.20
2009.06.22 08:01:59.762,1.58135,1.582,1.60,16.20
2009.06.22 08:01:59.932,1.58135,1.582,1.60,11.20
2009.06.22 08:02:00.952,1.5813,1.582,1.60,14.60
2009.06.22 08:02:01.122,1.5813,1.58195,1.60,1.60
2009.06.22 08:02:01.572,1.58135,1.58195,1.60,1.60
2009.06.22 08:02:01.872,1.58135,1.582,1.60,16.20
2009.06.22 08:02:02.112,1.58135,1.582,1.60,11.20
2009.06.22 08:02:02.462,1.5813,1.582,1.60,14.60
2009.06.22 08:02:02.751,1.5813,1.58195,1.60,1.60
2009.06.22 08:02:03.352,1.5813,1.582,1.60,9.60
2009.06.22 08:02:03.571,1.5813,1.582,1.60,1.60
2009.06.22 08:02:04.191,1.5813,1.582,1.60,5.00
2009.06.22 08:02:06.441,1.58125,1.5819,9.60,3.40
2009.06.22 08:02:06.721,1.58125,1.58185,1.60,1.00
2009.06.22 08:02:07.160,1.5812,1.58185,1.60,5.00
2009.06.22 08:02:07.491,1.5812,1.58175,1.60,8.00
2009.06.22 08:02:07.830,1.5811,1.5817,1.60,3.40
2009.06.22 08:02:08.170,1.58105,1.5817,2.40,5.00
2009.06.22 08:02:08.590,1.5811,1.58165,1.00,5.00
2009.06.22 08:02:08.880,1.5811,1.5816,1.00,1.60
2009.06.22 08:02:09.570,1.5811,1.5816,1.00,3.20
2009.06.22 08:02:09.950,1.5811,1.5816,1.00,1.60
2009.06.22 08:02:10.300,1.5811,1.5816,1.00,3.20
2009.06.22 08:02:10.880,1.5811,1.58155,1.00,3.00
2009.06.22 08:02:11.040,1.5811,1.58155,1.00,6.00
2009.06.22 08:02:11.330,1.5811,1.58145,1.00,1.60
2009.06.22 08:02:11.509,1.5811,1.58145,1.00,3.20
2009.06.22 08:02:12.419,1.5811,1.58145,1.00,6.40
2009.06.22 08:02:12.749,1.5811,1.58145,1.00,14.40
2009.06.22 08:02:13.039,1.5811,1.5814,1.00,11.20
2009.06.22 08:02:14.119,1.5811,1.5815,1.00,11.20
2009.06.22 08:02:14.409,1.5811,1.5816,1.00,8.00
2009.06.22 08:02:14.640,1.5811,1.5817,2.40,3.20
2009.06.22 08:02:14.869,1.58105,1.5817,2.80,1.60
2009.06.22 08:02:15.219,1.5811,1.58175,1.00,3.20
2009.06.22 08:02:15.559,1.5811,1.58175,1.00,6.60
2009.06.22 08:02:15.958,1.5811,1.5817,1.00,3.40
2009.06.22 08:02:16.188,1.5811,1.58165,1.00,6.60
2009.06.22 08:02:16.489,1.5811,1.5816,1.00,5.00
2009.06.22 08:02:16.778,1.5811,1.5816,1.00,1.60
2009.06.22 08:02:17.348,1.58105,1.58165,4.40,3.20
2009.06.22 08:02:17.578,1.5811,1.58165,2.40,1.60
2009.06.22 08:02:17.758,1.5811,1.5817,2.40,11.20
2009.06.22 08:02:17.988,1.5811,1.58175,2.40,1.60
2009.06.22 08:02:18.288,1.5811,1.58175,1.00,3.40
2009.06.22 08:02:18.688,1.5811,1.5817,1.00,3.20
2009.06.22 08:02:19.028,1.5811,1.5817,1.00,14.40
2009.06.22 08:02:19.368,1.58105,1.5817,2.80,12.80
2009.06.22 08:02:19.588,1.5811,1.5817,2.40,11.20
2009.06.22 08:02:19.868,1.58115,1.5817,2.40,12.80
2009.06.22 08:02:20.098,1.58105,1.5817,2.80,11.20
2009.06.22 08:02:20.457,1.58105,1.58175,4.40,11.20
2009.06.22 08:02:20.687,1.58105,1.5818,2.80,12.80
2009.06.22 08:02:21.147,1.5811,1.5817,1.00,3.20
2009.06.22 08:02:21.477,1.5811,1.5817,1.00,14.40
2009.06.22 08:02:21.817,1.5811,1.58165,1.00,1.60
2009.06.22 08:02:22.607,1.58105,1.5817,2.80,12.80
2009.06.22 08:02:22.907,1.58105,1.5817,2.80,1.60
2009.06.22 08:02:23.266,1.5811,1.58165,1.00,1.60
2009.06.22 08:02:23.617,1.5811,1.58165,1.00,4.80
2009.06.22 08:02:23.796,1.5811,1.58165,1.00,12.80
2009.06.22 08:02:24.437,1.5811,1.58165,1.00,14.40
2009.06.22 08:02:24.676,1.5811,1.5816,1.00,11.20
2009.06.22 08:02:25.376,1.5811,1.5816,1.00,12.80
2009.06.22 08:02:25.656,1.5811,1.5816,1.00,12.80
2009.06.22 08:02:26.326,1.5811,1.58155,1.00,1.60
2009.06.22 08:02:27.696,1.5811,1.5816,1.00,9.60
2009.06.22 08:02:27.876,1.5811,1.5816,1.00,1.60
2009.06.22 08:02:28.916,1.5811,1.5816,1.00,12.80
2009.06.22 08:02:29.385,1.58115,1.5816,2.40,8.00
2009.06.22 08:02:29.675,1.58125,1.58175,2.40,4.80
2009.06.22 08:02:30.015,1.58135,1.582,2.40,1.60
2009.06.22 08:02:30.245,1.5814,1.58205,2.40,1.60
2009.06.22 08:02:30.535,1.58125,1.582,4.00,1.00
2009.06.22 08:02:30.765,1.58135,1.58205,1.60,5.00
2009.06.22 08:02:30.985,1.58135,1.58205,2.40,1.60
2009.06.22 08:02:31.475,1.58135,1.582,2.40,11.20
2009.06.22 08:02:31.885,1.58145,1.582,1.60,11.20
2009.06.22 08:02:34.004,1.58175,1.58245,4.00,9.60
2009.06.22 08:02:34.124,1.58175,1.58245,4.00,12.80
2009.06.22 08:02:34.294,1.58175,1.58245,2.40,11.20
2009.06.22 08:02:34.414,1.5817,1.58245,2.40,14.60
2009.06.22 08:02:34.754,1.5817,1.58245,2.40,16.20
2009.06.22 08:02:34.874,1.5817,1.58245,2.40,17.80
2009.06.22 08:02:35.044,1.5816,1.5824,4.00,3.40
2009.06.22 08:02:35.454,1.5816,1.58235,4.00,1.60
2009.06.22 08:02:36.714,1.58155,1.58235,5.60,3.40
2009.06.22 08:02:36.934,1.5816,1.5823,4.00,1.60
2009.06.22 08:02:37.223,1.5816,1.58235,4.00,12.80
2009.06.22 08:02:37.463,1.5816,1.5824,4.00,6.60
2009.06.22 08:02:40.972,1.5816,1.5824,4.00,14.60
2009.06.22 08:02:41.142,1.5816,1.5824,4.00,6.60
2009.06.22 08:02:42.172,1.58165,1.5824,1.60,6.60
2009.06.22 08:02:42.752,1.5817,1.58235,1.60,1.60
2009.06.22 08:02:42.992,1.5817,1.5824,1.60,1.60
2009.06.22 08:02:43.292,1.5817,1.58245,1.60,17.80
2009.06.22 08:02:43.582,1.5817,1.58235,1.60,3.40
2009.06.22 08:02:43.982,1.5816,1.58235,3.20,16.20
2009.06.22 08:02:44.331,1.5816,1.5823,1.60,1.60
2009.06.22 08:02:45.231,1.58155,1.5823,4.00,1.60
2009.06.22 08:02:45.461,1.5815,1.58225,5.60,3.40
2009.06.22 08:02:45.691,1.5815,1.58225,5.60,5.00
2009.06.22 08:02:45.981,1.58155,1.5822,1.60,3.40
2009.06.22 08:02:46.211,1.5815,1.5822,3.20,14.60
2009.06.22 08:02:46.391,1.5815,1.5822,1.60,16.00
2009.06.22 08:02:46.621,1.58145,1.5822,4.00,16.00
2009.06.22 08:02:47.201,1.58145,1.5822,4.00,16.20
2009.06.22 08:02:48.431,1.58145,1.5822,4.00,5.00
2009.06.22 08:02:49.810,1.58155,1.5822,1.60,1.60
2009.06.22 08:02:50.320,1.58155,1.58225,1.60,5.00
2009.06.22 08:02:51.840,1.5816,1.58225,1.60,1.60
2009.06.22 08:02:51.950,1.5816,1.5823,1.60,1.60
2009.06.22 08:02:56.059,1.58145,1.58215,4.00,1.60
2009.06.22 08:02:56.339,1.58145,1.58215,2.40,1.60
2009.06.22 08:02:56.628,1.58145,1.5822,4.00,16.20
2009.06.22 08:02:56.968,1.5815,1.5822,1.60,13.00
2009.06.22 08:02:57.308,1.5815,1.5822,1.60,5.00
2009.06.22 08:02:57.629,1.58145,1.5821,1.60,3.40
2009.06.22 08:02:57.979,1.5815,1.5821,1.60,12.80
2009.06.22 08:02:58.319,1.5815,1.5821,1.60,1.60
2009.06.22 08:02:58.598,1.58145,1.5822,4.00,5.00
2009.06.22 08:02:59.228,1.5814,1.58215,5.60,3.40
2009.06.22 08:02:59.458,1.5814,1.58215,4.00,3.40
2009.06.22 08:02:59.698,1.5814,1.58215,4.00,5.00
2009.06.22 08:02:59.988,1.5814,1.58215,2.40,5.00
2009.06.22 08:03:00.218,1.5814,1.58215,4.00,5.00
2009.06.22 08:03:00.727,1.58145,1.58215,1.60,5.00
2009.06.22 08:03:01.088,1.58145,1.5821,1.60,3.40
2009.06.22 08:03:01.378,1.58145,1.5821,9.60,3.40
2009.06.22 08:03:01.547,1.5814,1.58215,5.60,5.00
2009.06.22 08:03:01.767,1.5814,1.58205,4.00,1.60
2009.06.22 08:03:02.567,1.5814,1.58215,5.60,5.00
2009.06.22 08:03:02.917,1.58145,1.5821,1.60,3.40
2009.06.22 08:03:03.257,1.58135,1.58205,1.60,1.60
2009.06.22 08:03:03.607,1.5814,1.5821,1.60,16.20
2009.06.22 08:03:03.947,1.5814,1.5821,1.60,1.60
2009.06.22 08:03:04.297,1.58145,1.58215,2.40,1.60
2009.06.22 08:03:04.697,1.58135,1.58215,4.00,5.00
2009.06.22 08:03:04.857,1.58135,1.5821,1.60,3.40
2009.06.22 08:03:05.137,1.5814,1.5821,1.60,3.40
2009.06.22 08:03:05.357,1.58135,1.5821,1.60,5.00
2009.06.22 08:03:05.687,1.5814,1.5821,1.60,1.60
2009.06.22 08:03:06.096,1.5815,1.58215,1.60,9.60
2009.06.22 08:03:06.216,1.58145,1.58215,1.60,3.40
2009.06.22 08:03:06.706,1.5815,1.58215,1.60,3.40
2009.06.22 08:03:06.996,1.5815,1.58215,1.60,1.60
2009.06.22 08:03:07.226,1.5815,1.5822,1.60,5.00
2009.06.22 08:03:09.055,1.5816,1.5822,1.60,1.60
2009.06.22 08:03:09.526,1.5816,1.5823,1.60,1.60
2009.06.22 08:03:10.775,1.58165,1.5823,1.60,1.60
2009.06.22 08:03:11.005,1.5817,1.5823,1.60,1.60
2009.06.22 08:03:11.165,1.5817,1.5824,1.60,12.80
2009.06.22 08:03:11.555,1.5817,1.5824,1.60,1.60
2009.06.22 08:03:13.005,1.5818,1.5824,1.60,1.60
2009.06.22 08:03:13.295,1.5818,1.5825,4.00,1.60
2009.06.22 08:03:13.974,1.5819,1.5825,1.60,1.60
2009.06.22 08:03:14.154,1.582,1.5825,1.60,1.60
2009.06.22 08:03:14.434,1.58195,1.58235,2.40,1.00
2009.06.22 08:03:14.614,1.58195,1.5823,1.60,3.40
2009.06.22 08:03:14.834,1.58195,1.5823,1.60,1.00
2009.06.22 08:03:15.174,1.5813,1.5822,9.60,1.60
2009.06.22 08:03:15.504,1.5813,1.58225,1.60,11.20
2009.06.22 08:03:15.894,1.58135,1.5822,1.60,11.20
2009.06.22 08:03:16.634,1.5815,1.5823,1.60,11.20
2009.06.22 08:03:17.094,1.5815,1.5823,1.60,12.80
2009.06.22 08:03:17.684,1.58145,1.5823,1.60,16.20
2009.06.22 08:03:18.034,1.58145,1.58225,1.60,1.60
2009.06.22 08:03:19.293,1.58145,1.5823,1.60,16.20
2009.06.22 08:03:19.643,1.5815,1.5823,1.60,12.80
2009.06.22 08:03:20.163,1.58155,1.5823,1.60,11.20
2009.06.22 08:03:20.513,1.58155,1.5823,1.60,8.00
2009.06.22 08:03:20.733,1.58155,1.58235,1.60,11.20
2009.06.22 08:03:21.513,1.5817,1.58235,1.60,3.20
2009.06.22 08:03:21.753,1.5817,1.5824,1.60,11.20
2009.06.22 08:03:22.103,1.5818,1.58255,1.60,12.80
2009.06.22 08:03:22.572,1.58175,1.58255,4.00,2.80
2009.06.22 08:03:23.012,1.58175,1.5825,1.60,3.40
2009.06.22 08:03:23.372,1.58175,1.5825,1.60,16.20
2009.06.22 08:03:25.491,1.5817,1.5825,1.60,16.20
2009.06.22 08:03:26.062,1.58175,1.5825,1.60,12.80
2009.06.22 08:03:26.511,1.58175,1.5825,1.60,11.20
2009.06.22 08:03:27.151,1.5817,1.58255,4.00,2.80
2009.06.22 08:03:27.321,1.5817,1.5825,1.60,14.60
2009.06.22 08:03:27.541,1.5817,1.5825,1.60,16.20
2009.06.22 08:03:28.051,1.58175,1.5825,1.60,16.20
2009.06.22 08:03:28.281,1.58175,1.5825,1.60,12.80
2009.06.22 08:03:28.621,1.58175,1.5825,1.60,11.20
2009.06.22 08:03:34.440,1.58175,1.5825,1.60,16.20
2009.06.22 08:03:34.669,1.5817,1.5825,4.00,12.80
2009.06.22 08:03:34.849,1.5817,1.5825,1.60,12.80
2009.06.22 08:03:35.359,1.5817,1.58255,1.60,8.00
2009.06.22 08:03:35.849,1.58165,1.5825,12.60,1.60
2009.06.22 08:03:36.129,1.5817,1.58245,1.60,1.60
2009.06.22 08:03:36.539,1.58165,1.5825,1.60,12.80
2009.06.22 08:03:36.719,1.58165,1.5825,1.60,6.40
2009.06.22 08:03:36.939,1.58165,1.5825,1.60,17.60
2009.06.22 08:03:37.509,1.58165,1.5825,1.60,19.20
2009.06.22 08:03:38.018,1.5817,1.5824,1.60,11.20
2009.06.22 08:03:38.708,1.58165,1.5824,1.60,11.20
2009.06.22 08:03:39.128,1.5816,1.5824,1.60,16.20
2009.06.22 08:03:39.568,1.58165,1.58245,1.60,8.00
2009.06.22 08:03:39.729,1.58165,1.5824,1.60,12.80
2009.06.22 08:03:40.228,1.58165,1.5824,1.60,11.20
2009.06.22 08:03:41.008,1.58175,1.58245,1.60,16.20
2009.06.22 08:03:41.178,1.58165,1.58245,2.40,12.80
2009.06.22 08:03:41.398,1.5816,1.58245,1.60,2.80
2009.06.22 08:03:41.698,1.58165,1.5825,1.60,8.00
2009.06.22 08:03:42.038,1.58165,1.5825,1.60,6.40
2009.06.22 08:03:42.857,1.58175,1.5824,1.60,11.20
2009.06.22 08:03:43.387,1.58175,1.5825,1.60,16.20
2009.06.22 08:03:44.497,1.5817,1.5825,4.00,12.80
2009.06.22 08:03:44.667,1.5817,1.5825,2.40,11.20
2009.06.22 08:03:44.887,1.58165,1.5825,7.20,14.60
2009.06.22 08:03:45.157,1.5817,1.5825,4.00,1.60
2009.06.22 08:03:45.778,1.58165,1.5825,12.00,6.60
2009.06.22 08:03:46.127,1.58165,1.58245,4.00,1.60
2009.06.22 08:03:52.236,1.5816,1.5824,12.60,1.60
2009.06.22 08:03:53.235,1.5817,1.5824,1.60,1.60
2009.06.22 08:03:53.615,1.5817,1.58245,4.00,11.20
2009.06.22 08:03:53.945,1.58165,1.5825,4.00,17.80
2009.06.22 08:03:54.165,1.5817,1.5825,4.00,12.80
2009.06.22 08:03:54.455,1.5817,1.58245,2.40,1.60
2009.06.22 08:03:54.745,1.58165,1.5825,4.00,17.80
2009.06.22 08:03:55.275,1.58165,1.58245,4.00,1.60
2009.06.22 08:03:59.993,1.58165,1.5825,4.00,5.00
2009.06.22 08:04:00.163,1.58165,1.5825,7.20,6.60
2009.06.22 08:04:00.324,1.5817,1.5825,1.60,6.60
2009.06.22 08:04:00.443,1.5817,1.58245,4.00,1.60
2009.06.22 08:04:00.823,1.5818,1.58255,2.40,2.80
2009.06.22 08:04:01.473,1.58185,1.58255,1.60,1.60
2009.06.22 08:04:01.873,1.58185,1.5826,4.00,2.80
2009.06.22 08:04:25.077,1.58185,1.58245,2.40,1.00
2009.06.22 08:04:25.347,1.5819,1.58235,8.00,3.40
2009.06.22 08:04:25.577,1.58175,1.5822,1.60,3.40
2009.06.22 08:04:25.817,1.58175,1.58235,1.60,5.00
2009.06.22 08:04:26.047,1.58165,1.58225,1.00,12.80
2009.06.22 08:04:26.227,1.58165,1.58235,1.00,6.60
2009.06.22 08:04:26.347,1.58175,1.58235,1.00,6.60
2009.06.22 08:04:26.777,1.58175,1.5823,1.00,1.60
2009.06.22 08:04:27.067,1.58175,1.58235,1.00,11.20
2009.06.22 08:04:27.297,1.58175,1.5824,1.00,6.60
2009.06.22 08:04:27.577,1.5819,1.5824,1.60,6.60
2009.06.22 08:04:27.877,1.5819,1.5824,1.60,1.60
2009.06.22 08:04:28.167,1.5819,1.5825,1.60,1.60
2009.06.22 08:04:28.516,1.582,1.58255,1.60,1.60
2009.06.22 08:04:28.806,1.58205,1.58265,1.60,1.60
2009.06.22 08:04:29.206,1.58205,1.58275,1.60,2.80
2009.06.22 08:04:29.666,1.5822,1.5828,1.60,1.60
2009.06.22 08:04:30.016,1.5822,1.58295,1.60,2.80
2009.06.22 08:04:31.955,1.5823,1.583,1.60,4.40
2009.06.22 08:04:32.116,1.5823,1.583,1.60,2.80
2009.06.22 08:04:32.626,1.58235,1.58305,1.60,2.80
2009.06.22 08:04:36.194,1.5823,1.58305,1.60,2.80
2009.06.22 08:04:36.644,1.5823,1.583,1.60,2.80
2009.06.22 08:04:38.794,1.58225,1.58295,1.60,2.80
2009.06.22 08:04:39.324,1.5822,1.58295,1.60,2.80
2009.06.22 08:04:39.544,1.5822,1.5829,1.60,2.80
2009.06.22 08:04:40.224,1.58215,1.5829,1.60,2.80
2009.06.22 08:04:40.614,1.58215,1.58285,1.60,2.80
2009.06.22 08:04:41.073,1.5823,1.5829,1.60,1.60
2009.06.22 08:04:41.463,1.5823,1.583,1.60,2.80
2009.06.22 08:04:41.833,1.5822,1.58285,4.00,1.00
2009.06.22 08:04:42.113,1.58225,1.5827,9.60,3.40
2009.06.22 08:04:42.293,1.58225,1.5827,8.00,3.40
2009.06.22 08:04:42.643,1.5817,1.58265,1.00,12.80
2009.06.22 08:04:42.973,1.58175,1.58265,1.80,12.80
2009.06.22 08:04:43.373,1.58175,1.58265,1.80,12.80
2009.06.22 08:04:44.003,1.5819,1.58265,1.60,12.80
2009.06.22 08:04:45.613,1.58195,1.58265,1.60,4.80
2009.06.22 08:04:45.833,1.58185,1.5826,1.60,3.40
2009.06.22 08:04:46.072,1.5819,1.5826,8.00,3.40
2009.06.22 08:04:46.412,1.5818,1.5825,10.40,1.60
2009.06.22 08:04:46.642,1.5818,1.58255,10.40,5.00
2009.06.22 08:04:46.982,1.5818,1.58255,2.40,5.00
2009.06.22 08:04:47.682,1.5818,1.58255,2.40,5.00
2009.06.22 08:04:47.952,1.58175,1.5825,2.40,3.40
2009.06.22 08:04:48.182,1.58175,1.5825,2.40,5.00
2009.06.22 08:04:48.282,1.58175,1.5825,2.40,5.00
2009.06.22 08:04:48.452,1.58185,1.58245,1.60,1.60
2009.06.22 08:04:48.682,1.5818,1.58245,8.00,1.60
2009.06.22 08:04:49.042,1.5817,1.58235,1.60,11.20
2009.06.22 08:04:49.432,1.58165,1.58235,4.00,11.20
2009.06.22 08:04:49.781,1.58165,1.5825,4.00,8.00
2009.06.22 08:04:49.942,1.58165,1.5825,4.00,19.20
2009.06.22 08:04:50.881,1.58165,1.5824,2.40,11.20
2009.06.22 08:04:51.111,1.5816,1.58245,1.60,6.40
2009.06.22 08:04:51.331,1.58155,1.58235,5.60,2.80
2009.06.22 08:04:51.681,1.58155,1.58235,1.60,2.80
2009.06.22 08:04:52.031,1.5815,1.5823,1.60,11.20
2009.06.22 08:04:52.311,1.58165,1.58225,1.60,8.00
2009.06.22 08:04:52.651,1.58165,1.58225,4.00,11.20
2009.06.22 08:04:52.941,1.5816,1.58225,4.00,11.20
2009.06.22 08:04:53.171,1.5816,1.58225,4.00,8.00
2009.06.22 08:04:53.521,1.58175,1.5825,4.00,2.80
2009.06.22 08:04:54.200,1.58185,1.5825,2.40,6.00
2009.06.22 08:04:54.370,1.5817,1.5824,9.60,1.60
2009.06.22 08:04:54.600,1.58175,1.58235,1.60,1.60
2009.06.22 08:04:54.930,1.58165,1.58235,1.60,11.20
2009.06.22 08:04:55.050,1.58165,1.58235,8.00,3.20
2009.06.22 08:04:55.480,1.58165,1.5824,8.00,5.00
2009.06.22 08:04:55.830,1.5817,1.5824,2.40,1.60
2009.06.22 08:04:56.170,1.5817,1.58235,2.40,11.20
2009.06.22 08:04:56.510,1.5817,1.5824,2.40,1.60
2009.06.22 08:04:57.569,1.5817,1.5824,1.00,5.00
2009.06.22 08:04:57.690,1.5816,1.5824,6.00,3.40
2009.06.22 08:04:57.809,1.58175,1.58235,1.60,8.00
2009.06.22 08:04:57.910,1.58175,1.58245,4.00,15.60
2009.06.22 08:04:58.089,1.58175,1.58235,4.00,12.80
2009.06.22 08:04:58.269,1.58175,1.58235,4.00,14.40
2009.06.22 08:04:58.439,1.58175,1.58235,4.00,12.80
2009.06.22 08:04:58.559,1.5819,1.58235,2.40,1.60
2009.06.22 08:04:58.889,1.5819,1.58245,2.40,1.60
2009.06.22 08:04:59.239,1.5819,1.58255,2.40,2.80
2009.06.22 08:05:00.199,1.58185,1.58255,4.00,2.80
2009.06.22 08:05:00.479,1.58185,1.58245,2.40,1.00
2009.06.22 08:05:00.819,1.5818,1.5824,9.60,6.60
2009.06.22 08:05:01.269,1.5817,1.58235,1.00,12.80
2009.06.22 08:05:01.619,1.5817,1.58235,1.60,12.80
2009.06.22 08:05:01.958,1.5817,1.58235,1.60,14.40
2009.06.22 08:05:02.239,1.5817,1.5823,1.00,1.60
2009.06.22 08:05:02.799,1.5818,1.58235,2.40,12.80
2009.06.22 08:05:03.038,1.5818,1.5823,2.40,11.20
2009.06.22 08:05:03.698,1.5818,1.58245,2.40,2.80
2009.06.22 08:05:07.477,1.5818,1.58235,1.60,1.60
2009.06.22 08:05:07.647,1.5819,1.58245,2.40,12.80
2009.06.22 08:05:07.807,1.5819,1.58245,4.00,12.80
2009.06.22 08:05:07.917,1.5819,1.5824,2.40,1.60
2009.06.22 08:05:08.127,1.5819,1.58265,2.40,4.40
2009.06.22 08:05:08.567,1.5819,1.58265,4.00,2.80
2009.06.22 08:05:08.947,1.582,1.5827,4.00,4.40
2009.06.22 08:05:09.287,1.582,1.58265,1.60,2.80
2009.06.22 08:05:09.577,1.582,1.58265,4.00,2.80
2009.06.22 08:05:10.096,1.58205,1.5827,4.00,2.80
2009.06.22 08:05:10.257,1.58195,1.5827,2.40,8.00
2009.06.22 08:05:11.006,1.5819,1.5826,9.60,6.40
2009.06.22 08:05:11.356,1.5818,1.58255,4.00,2.80
2009.06.22 08:05:11.746,1.5818,1.5825,4.00,2.80
2009.06.22 08:05:12.676,1.5818,1.58245,4.00,2.80
2009.06.22 08:05:13.376,1.5818,1.58245,4.00,1.60
2009.06.22 08:05:13.556,1.5819,1.58255,1.60,2.80
2009.06.22 08:05:13.895,1.58195,1.58255,4.00,4.80
2009.06.22 08:05:14.235,1.58195,1.58265,4.00,4.40
2009.06.22 08:05:14.626,1.58195,1.58265,4.00,2.80
2009.06.22 08:05:15.095,1.5819,1.58265,4.00,2.80
2009.06.22 08:05:15.765,1.58195,1.58265,1.60,2.80
2009.06.22 08:05:16.045,1.58195,1.5827,4.00,4.40
2009.06.22 08:05:16.335,1.58195,1.5827,4.00,2.80
2009.06.22 08:05:16.565,1.582,1.58275,4.00,4.40
2009.06.22 08:05:17.185,1.58205,1.5828,1.60,2.80
2009.06.22 08:05:17.465,1.58205,1.5828,2.40,6.40
2009.06.22 08:05:17.805,1.582,1.58275,4.00,2.80
2009.06.22 08:05:18.275,1.58215,1.5828,1.60,2.80
2009.06.22 08:05:18.514,1.58215,1.5828,1.60,4.40
2009.06.22 08:05:18.784,1.58205,1.5828,2.40,2.80
2009.06.22 08:05:19.064,1.58205,1.5828,2.40,8.00
2009.06.22 08:05:19.464,1.58205,1.58275,2.40,2.80
2009.06.22 08:05:20.164,1.582,1.58265,1.60,3.40
2009.06.22 08:05:20.504,1.582,1.5826,1.60,1.60
2009.06.22 08:05:20.844,1.58195,1.5826,1.00,1.60
2009.06.22 08:05:21.184,1.582,1.5826,1.60,1.60
2009.06.22 08:05:21.354,1.58205,1.58265,2.40,12.80
2009.06.22 08:05:21.524,1.58205,1.58265,4.00,1.60
2009.06.22 08:05:21.734,1.58215,1.58275,1.60,2.80
2009.06.22 08:05:21.953,1.58215,1.58275,1.60,3.20
2009.06.22 08:05:22.283,1.5822,1.5828,1.60,2.80
2009.06.22 08:05:23.803,1.5821,1.5828,5.60,2.80
2009.06.22 08:05:24.153,1.5822,1.5828,1.60,2.80
2009.06.22 08:05:25.283,1.58215,1.5828,4.00,2.80
2009.06.22 08:05:25.513,1.5821,1.58275,4.00,1.60
2009.06.22 08:05:25.693,1.58225,1.5828,1.60,4.40
2009.06.22 08:05:25.913,1.58225,1.5827,4.00,1.60
2009.06.22 08:05:26.073,1.58225,1.5828,4.00,1.60
2009.06.22 08:05:26.533,1.58235,1.5828,1.60,1.60
2009.06.22 08:05:26.923,1.58225,1.5828,9.60,6.00
2009.06.22 08:05:27.373,1.5821,1.58275,1.60,1.00
2009.06.22 08:05:27.782,1.5821,1.58265,4.00,11.20
2009.06.22 08:05:28.202,1.5821,1.58265,4.00,3.20
2009.06.22 08:05:28.422,1.5821,1.5827,4.00,1.60
2009.06.22 08:05:28.592,1.58215,1.5827,1.60,1.60
2009.06.22 08:05:37.140,1.5821,1.5827,2.40,1.60
2009.06.22 08:05:37.260,1.58205,1.5827,4.00,1.60
2009.06.22 08:05:37.380,1.58205,1.5827,4.00,2.80
2009.06.22 08:05:39.149,1.58215,1.5827,1.60,1.60
2009.06.22 08:05:40.939,1.58225,1.5827,1.60,1.60
2009.06.22 08:05:41.169,1.58225,1.5828,1.60,1.60
2009.06.22 08:05:42.799,1.5822,1.5828,1.60,2.80
2009.06.22 08:05:43.458,1.5822,1.5828,1.60,1.60
2009.06.22 08:05:43.798,1.58225,1.5828,1.60,1.60
2009.06.22 08:05:46.228,1.58225,1.5829,4.00,6.00
2009.06.22 08:05:46.578,1.58225,1.58275,1.60,1.60
2009.06.22 08:05:46.798,1.58215,1.58275,4.00,1.60
2009.06.22 08:05:48.187,1.58215,1.5827,2.40,1.60
2009.06.22 08:05:48.357,1.58215,1.5827,1.60,2.80
2009.06.22 08:05:48.477,1.58215,1.5826,1.60,1.60
2009.06.22 08:05:48.638,1.58205,1.5826,5.60,1.60
2009.06.22 08:05:49.047,1.5821,1.5826,1.60,1.60
2009.06.22 08:05:49.397,1.5821,1.5827,4.00,1.60
2009.06.22 08:05:50.647,1.5821,1.5827,2.40,1.60
2009.06.22 08:05:50.817,1.58205,1.5827,4.00,2.80
2009.06.22 08:05:51.326,1.582,1.58255,4.00,1.60
2009.06.22 08:05:51.596,1.582,1.58265,4.00,7.60
2009.06.22 08:05:51.817,1.58205,1.5826,1.60,1.60
2009.06.22 08:05:52.366,1.58205,1.58275,2.40,4.40
2009.06.22 08:05:52.776,1.5821,1.5827,8.00,2.80
2009.06.22 08:05:53.287,1.5821,1.58275,1.60,4.40
2009.06.22 08:05:53.636,1.5821,1.58275,1.60,2.80
2009.06.22 08:05:54.006,1.5821,1.58275,4.00,6.00
2009.06.22 08:05:54.176,1.5821,1.5827,4.00,1.60
2009.06.22 08:05:54.446,1.5821,1.5827,2.40,1.60
2009.06.22 08:05:54.676,1.58205,1.58265,9.60,2.80
2009.06.22 08:05:54.906,1.58205,1.58255,1.60,1.60
2009.06.22 08:05:55.066,1.582,1.58265,3.20,2.80
2009.06.22 08:05:55.306,1.582,1.58265,1.60,2.80
2009.06.22 08:05:55.996,1.582,1.5827,1.60,2.80
2009.06.22 08:05:56.635,1.58195,1.5826,4.00,1.60
2009.06.22 08:05:56.995,1.582,1.5826,4.00,1.60
2009.06.22 08:05:58.075,1.582,1.58265,4.00,1.60
2009.06.22 08:05:58.425,1.58205,1.58265,1.60,1.60
2009.06.22 08:05:58.805,1.58205,1.58275,4.00,4.40
2009.06.22 08:05:59.144,1.58205,1.58275,4.00,2.80
2009.06.22 08:05:59.555,1.58205,1.5827,4.00,2.80
2009.06.22 08:06:02.644,1.5821,1.5827,1.60,2.80
2009.06.22 08:06:02.754,1.5821,1.5827,1.60,1.60
2009.06.22 08:06:02.924,1.5821,1.58275,1.60,2.80
2009.06.22 08:06:05.174,1.5822,1.58275,1.60,2.80
2009.06.22 08:06:05.343,1.5822,1.5828,1.60,2.80
2009.06.22 08:06:10.772,1.5821,1.5828,5.60,7.60
2009.06.22 08:06:11.002,1.5821,1.5827,5.60,1.60
2009.06.22 08:06:11.222,1.5821,1.5827,4.00,1.60
2009.06.22 08:06:13.421,1.58225,1.5828,1.60,3.20
2009.06.22 08:06:13.821,1.58225,1.5828,1.60,1.60
2009.06.22 08:06:14.691,1.5824,1.5828,1.60,1.60
2009.06.22 08:06:14.921,1.5824,1.58285,1.60,1.60
2009.06.22 08:06:15.191,1.5824,1.583,4.00,7.60
2009.06.22 08:06:15.491,1.5823,1.5829,3.20,1.60
2009.06.22 08:06:15.771,1.5824,1.583,4.00,2.80
2009.06.22 08:06:16.041,1.5823,1.583,5.60,2.80
2009.06.22 08:06:16.311,1.58245,1.583,1.60,11.20
2009.06.22 08:06:16.650,1.58225,1.583,5.60,2.80
2009.06.22 08:06:17.000,1.58225,1.5829,9.60,2.80
2009.06.22 08:06:17.460,1.58225,1.5828,9.60,3.40
2009.06.22 08:06:17.741,1.58225,1.58265,8.00,1.00
2009.06.22 08:06:17.960,1.58185,1.58265,4.60,3.40
2009.06.22 08:06:18.180,1.58185,1.5826,4.60,1.00
2009.06.22 08:06:18.410,1.58175,1.5826,2.40,1.00
2009.06.22 08:06:18.761,1.5817,1.58255,9.80,1.60
2009.06.22 08:06:19.170,1.5819,1.58255,8.00,1.00
2009.06.22 08:06:19.470,1.58175,1.58245,3.40,1.00
2009.06.22 08:06:19.750,1.5818,1.5824,8.00,1.00
2009.06.22 08:06:20.030,1.58185,1.58245,8.00,1.00
2009.06.22 08:06:20.290,1.58185,1.58245,8.00,3.20
2009.06.22 08:06:20.510,1.5817,1.58245,1.00,12.80
2009.06.22 08:06:21.039,1.5818,1.5825,8.00,1.60
2009.06.22 08:06:21.379,1.5818,1.5825,1.00,1.60
2009.06.22 08:06:21.669,1.58175,1.5824,9.60,1.60
2009.06.22 08:06:21.899,1.58175,1.5824,8.00,5.00
2009.06.22 08:06:22.129,1.58175,1.5823,8.00,3.20
2009.06.22 08:06:22.409,1.5817,1.5823,2.40,11.20
2009.06.22 08:06:22.819,1.5817,1.5824,4.00,1.60
2009.06.22 08:06:23.229,1.5818,1.5824,1.60,1.60
2009.06.22 08:06:23.579,1.58175,1.5824,2.40,1.60
2009.06.22 08:06:23.919,1.5817,1.5824,2.40,1.60
2009.06.22 08:06:24.389,1.5817,1.5824,2.40,1.60
2009.06.22 08:06:24.738,1.5817,1.58235,2.40,1.60
2009.06.22 08:06:25.009,1.58175,1.5824,2.40,12.80
2009.06.22 08:06:25.238,1.58175,1.5824,2.40,11.20
2009.06.22 08:06:25.528,1.58175,1.58245,2.40,12.80
2009.06.22 08:06:25.758,1.58175,1.58245,2.40,11.20
2009.06.22 08:06:26.198,1.58175,1.5825,2.40,6.00
2009.06.22 08:06:26.548,1.5819,1.5824,1.60,11.20
2009.06.22 08:06:26.898,1.58175,1.5824,3.40,11.20
2009.06.22 08:06:27.128,1.58175,1.58275,1.80,3.20
2009.06.22 08:06:27.368,1.58185,1.58275,1.80,11.20
2009.06.22 08:06:28.338,1.5819,1.58275,1.80,14.00
2009.06.22 08:06:28.677,1.5819,1.58265,1.60,2.80
2009.06.22 08:06:29.727,1.58185,1.58265,4.00,2.80
2009.06.22 08:06:30.117,1.58185,1.58265,1.60,2.80
2009.06.22 08:06:31.457,1.582,1.58265,1.60,2.80
2009.06.22 08:06:31.807,1.58205,1.5827,2.40,2.80
2009.06.22 08:06:32.137,1.58195,1.58265,2.40,2.80
2009.06.22 08:06:32.377,1.58185,1.58265,4.00,20.80
2009.06.22 08:06:32.667,1.5819,1.58265,4.00,2.80
2009.06.22 08:06:32.847,1.5819,1.58265,4.00,4.40
2009.06.22 08:06:32.967,1.582,1.5827,2.40,10.80
2009.06.22 08:06:33.466,1.58195,1.58265,2.40,2.80
2009.06.22 08:06:34.106,1.58195,1.5826,2.40,2.80
2009.06.22 08:06:38.365,1.5818,1.58255,2.40,2.80
2009.06.22 08:06:38.945,1.5818,1.5826,2.40,9.60
2009.06.22 08:06:39.235,1.5818,1.5826,2.40,8.00
2009.06.22 08:06:39.565,1.5818,1.58255,2.40,12.80
2009.06.22 08:06:39.955,1.5818,1.58255,4.00,12.80
2009.06.22 08:06:40.245,1.58185,1.58255,2.40,1.60
2009.06.22 08:06:40.475,1.58185,1.58265,2.40,8.00
2009.06.22 08:06:40.825,1.58185,1.5826,2.40,12.80
2009.06.22 08:06:41.205,1.5818,1.5826,2.40,6.40
2009.06.22 08:06:41.554,1.5818,1.5826,2.40,8.00
2009.06.22 08:06:48.653,1.5818,1.5826,2.40,8.00
2009.06.22 08:06:49.024,1.58195,1.58255,2.40,1.60
2009.06.22 08:06:49.193,1.58195,1.5826,2.40,1.60
2009.06.22 08:06:49.353,1.58195,1.58265,2.40,2.80
2009.06.22 08:06:55.631,1.58185,1.58265,2.40,6.40
2009.06.22 08:06:56.031,1.58185,1.58265,2.40,8.00
2009.06.22 08:06:58.201,1.5819,1.58265,1.60,8.00
2009.06.22 08:06:58.371,1.58195,1.58265,2.40,4.40
2009.06.22 08:06:58.600,1.58195,1.58265,2.40,2.80
2009.06.22 08:06:59.000,1.58195,1.58265,2.40,2.80
2009.06.22 08:06:59.170,1.58185,1.58265,2.40,6.40
2009.06.22 08:06:59.571,1.58185,1.58265,2.40,8.00
2009.06.22 08:06:59.750,1.58185,1.5826,2.40,12.80
2009.06.22 08:07:00.260,1.58195,1.58265,2.40,4.40
2009.06.22 08:07:00.420,1.58195,1.58265,2.40,2.80
2009.06.22 08:07:00.780,1.58185,1.5826,2.40,1.00
2009.06.22 08:07:01.120,1.58185,1.58255,2.40,1.00
2009.06.22 08:07:01.510,1.5818,1.58255,2.40,1.60
2009.06.22 08:07:01.690,1.5818,1.58255,2.40,14.40
2009.06.22 08:07:02.140,1.5819,1.5825,2.40,1.60
2009.06.22 08:07:02.699,1.5819,1.5826,2.40,14.40
2009.06.22 08:07:02.920,1.5819,1.58255,1.00,1.00
2009.06.22 08:07:03.089,1.5818,1.58255,2.80,3.20
2009.06.22 08:07:03.359,1.5818,1.58255,2.40,12.80
2009.06.22 08:07:03.579,1.5818,1.5825,2.40,1.60
2009.06.22 08:07:03.879,1.58185,1.5825,2.40,1.60
2009.06.22 08:07:04.219,1.58185,1.5826,2.40,12.80
2009.06.22 08:07:04.510,1.58185,1.58255,2.40,1.60
2009.06.22 08:07:05.199,1.58185,1.58255,4.00,1.60
2009.06.22 08:07:05.419,1.58195,1.58265,2.40,4.40
2009.06.22 08:07:05.769,1.58195,1.58265,2.40,2.80
2009.06.22 08:07:06.068,1.58185,1.5826,2.40,1.00
2009.06.22 08:07:06.468,1.58185,1.5825,2.40,1.60
2009.06.22 08:07:06.758,1.5818,1.5825,9.60,1.60
2009.06.22 08:07:07.098,1.5818,1.58245,8.00,1.60
2009.06.22 08:07:07.478,1.58175,1.58245,2.40,3.20
2009.06.22 08:07:07.988,1.5818,1.58245,2.40,3.20
2009.06.22 08:07:08.168,1.5818,1.58245,2.40,1.60
2009.06.22 08:07:08.408,1.5818,1.5825,2.40,1.60
2009.06.22 08:07:11.847,1.5818,1.58255,2.40,12.80
2009.06.22 08:07:12.267,1.5818,1.5825,2.40,1.00
2009.06.22 08:07:12.497,1.5818,1.5825,1.00,1.00
2009.06.22 08:07:12.787,1.5818,1.58245,1.00,1.60
2009.06.22 08:07:13.637,1.58175,1.58245,2.40,1.60
2009.06.22 08:07:13.937,1.58175,1.58245,2.40,3.20
2009.06.22 08:07:16.016,1.58175,1.58235,2.40,1.00
2009.06.22 08:07:16.316,1.5817,1.5824,2.40,9.60
2009.06.22 08:07:16.636,1.5817,1.58235,2.40,12.80
2009.06.22 08:07:16.936,1.5817,1.58235,2.40,11.20
2009.06.22 08:07:17.116,1.58175,1.58235,2.40,11.20
2009.06.22 08:07:17.526,1.58175,1.58245,2.40,12.80
2009.06.22 08:07:17.706,1.5817,1.58245,2.60,16.20
2009.06.22 08:07:17.936,1.5817,1.58245,2.40,13.00
2009.06.22 08:07:18.106,1.5817,1.5824,10.40,1.60
2009.06.22 08:07:18.456,1.5818,1.5824,2.40,1.60
2009.06.22 08:07:18.675,1.5817,1.5825,2.40,12.80
2009.06.22 08:07:18.895,1.5817,1.58245,2.40,12.80
2009.06.22 08:07:20.605,1.5817,1.58245,2.40,12.80
2009.06.22 08:07:20.835,1.5817,1.58245,2.40,16.20
2009.06.22 08:07:21.345,1.5817,1.5825,4.00,4.40
2009.06.22 08:07:21.635,1.5818,1.5824,2.40,1.60
2009.06.22 08:07:21.905,1.58175,1.5824,2.40,1.60
2009.06.22 08:07:23.124,1.5817,1.58245,2.40,5.00
2009.06.22 08:07:23.394,1.5817,1.58245,2.40,9.80
2009.06.22 08:07:23.694,1.5817,1.58245,2.40,17.80
2009.06.22 08:07:26.124,1.58175,1.58245,2.40,3.20
2009.06.22 08:07:26.523,1.58175,1.58245,2.40,1.60
2009.06.22 08:07:26.703,1.5817,1.58245,2.40,5.00
2009.06.22 08:07:27.103,1.5817,1.58245,2.40,17.80
2009.06.22 08:07:27.314,1.58175,1.58245,1.00,6.00
2009.06.22 08:07:27.613,1.5818,1.5824,1.00,12.80
2009.06.22 08:07:27.824,1.5818,1.5824,1.00,8.00
2009.06.22 08:07:28.004,1.58185,1.58245,2.40,1.60
2009.06.22 08:07:28.233,1.58185,1.5825,2.40,12.80
2009.06.22 08:07:28.583,1.58185,1.5826,2.40,9.60
2009.06.22 08:07:29.443,1.58185,1.58255,2.40,3.20
2009.06.22 08:07:29.613,1.5818,1.58255,8.00,6.60
2009.06.22 08:07:29.723,1.5818,1.5825,1.60,12.80
2009.06.22 08:07:29.903,1.58185,1.5825,2.40,12.80
2009.06.22 08:07:30.233,1.58175,1.5825,4.00,12.80
2009.06.22 08:07:30.353,1.5818,1.5825,8.00,1.60
2009.06.22 08:07:30.702,1.5818,1.5825,1.00,14.40
2009.06.22 08:07:31.032,1.5818,1.58245,1.00,14.40
2009.06.22 08:07:31.442,1.5818,1.5824,1.00,3.20
2009.06.22 08:07:31.782,1.58175,1.5824,1.00,3.20
2009.06.22 08:07:38.151,1.5817,1.58235,2.40,3.00
2009.06.22 08:07:38.451,1.5816,1.5823,5.60,1.60
2009.06.22 08:07:38.720,1.5817,1.5823,1.00,1.60
2009.06.22 08:07:39.060,1.5817,1.5823,1.00,9.60
2009.06.22 08:07:39.340,1.5817,1.5823,1.00,11.20
2009.06.22 08:07:39.631,1.58165,1.58235,4.00,1.60
2009.06.22 08:07:40.210,1.58165,1.58235,4.00,3.20
2009.06.22 08:07:43.239,1.58165,1.58235,2.40,3.20
2009.06.22 08:07:43.699,1.58165,1.58235,2.40,2.80
2009.06.22 08:07:44.049,1.5816,1.58235,2.40,2.80
2009.06.22 08:07:44.439,1.5816,1.58235,2.40,6.00
2009.06.22 08:07:45.559,1.5816,1.5823,2.40,3.20
2009.06.22 08:07:46.029,1.5816,1.58235,2.40,4.40
2009.06.22 08:07:46.209,1.58155,1.5823,12.00,5.00
2009.06.22 08:07:46.539,1.58155,1.58225,4.00,1.60
2009.06.22 08:07:46.839,1.58155,1.58225,4.00,3.20
2009.06.22 08:07:47.078,1.58155,1.58225,2.40,3.20
2009.06.22 08:07:47.478,1.58155,1.58225,2.40,2.80
2009.06.22 08:07:47.698,1.58155,1.5822,2.40,1.60
2009.06.22 08:07:47.859,1.58155,1.58225,2.40,2.80
2009.06.22 08:07:48.088,1.5816,1.58225,1.00,1.60
2009.06.22 08:07:48.308,1.58165,1.58225,1.60,1.60
2009.06.22 08:07:48.539,1.58165,1.58225,4.00,1.60
2009.06.22 08:07:48.808,1.58165,1.5825,4.00,4.40
2009.06.22 08:07:49.158,1.5816,1.58245,1.60,2.80
2009.06.22 08:07:49.508,1.58175,1.5825,1.60,19.20
2009.06.22 08:07:49.848,1.58175,1.58245,4.00,15.60
2009.06.22 08:07:50.138,1.58175,1.58245,4.00,10.80
2009.06.22 08:07:50.418,1.58175,1.58245,4.00,2.80
2009.06.22 08:07:51.308,1.58175,1.58245,4.00,1.60
2009.06.22 08:07:51.708,1.58175,1.5825,4.00,4.40
2009.06.22 08:07:52.177,1.5818,1.5825,1.60,7.60
2009.06.22 08:07:52.447,1.5818,1.5825,4.00,7.60
2009.06.22 08:07:52.677,1.5818,1.5824,4.00,1.60
2009.06.22 08:07:52.847,1.5818,1.5824,4.00,1.60
2009.06.22 08:07:52.997,1.5818,1.5825,4.00,3.20
2009.06.22 08:07:53.167,1.5818,1.5825,4.00,1.60
2009.06.22 08:07:53.987,1.58185,1.5825,1.60,1.60
2009.06.22 08:07:54.207,1.5819,1.5826,2.40,4.40
2009.06.22 08:07:54.387,1.5819,1.5826,2.40,2.80
2009.06.22 08:07:56.526,1.58185,1.5826,2.40,6.40
2009.06.22 08:07:58.426,1.58195,1.5826,1.60,6.40
2009.06.22 08:07:58.786,1.582,1.58255,2.40,11.20
2009.06.22 08:07:59.136,1.58195,1.58265,2.40,2.80
2009.06.22 08:07:59.466,1.5819,1.5826,9.60,2.80
2009.06.22 08:07:59.696,1.58185,1.5826,1.60,2.80
2009.06.22 08:08:02.255,1.58195,1.5826,1.60,2.80
2009.06.22 08:08:02.665,1.582,1.5827,2.40,17.20
2009.06.22 08:08:02.955,1.58205,1.58265,4.00,1.60
2009.06.22 08:08:03.295,1.58205,1.58275,4.00,2.80
2009.06.22 08:08:07.785,1.5821,1.58275,1.60,2.80
2009.06.22 08:08:07.843,1.58215,1.5828,2.40,4.40
2009.06.22 08:08:08.004,1.58215,1.58275,2.40,2.80
2009.06.22 08:08:13.172,1.58205,1.5828,4.00,2.80
2009.06.22 08:08:13.342,1.5821,1.5828,4.00,2.80
2009.06.22 08:08:15.526,1.58215,1.58285,1.60,4.40
2009.06.22 08:08:15.975,1.58215,1.5828,1.60,4.40
2009.06.22 08:08:16.265,1.5821,1.5828,4.00,2.80
2009.06.22 08:08:16.676,1.58205,1.58265,4.00,1.60
2009.06.22 08:08:16.955,1.5821,1.5827,2.40,2.80
2009.06.22 08:08:17.245,1.5821,1.58275,2.40,2.80
2009.06.22 08:08:17.875,1.5822,1.58275,2.40,2.80
2009.06.22 08:08:20.894,1.5822,1.58275,2.40,1.60
2009.06.22 08:08:21.064,1.58235,1.58285,1.60,12.80
2009.06.22 08:08:21.234,1.58245,1.58285,2.40,2.80
2009.06.22 08:08:21.404,1.58235,1.5828,1.60,2.80
2009.06.22 08:08:21.634,1.5823,1.58275,8.00,4.60
2009.06.22 08:08:21.984,1.58225,1.58275,2.40,1.60
2009.06.22 08:08:22.484,1.58235,1.58275,2.40,1.60
2009.06.22 08:08:22.824,1.5823,1.583,2.40,2.80
2009.06.22 08:08:23.334,1.58225,1.58285,2.40,1.60
2009.06.22 08:08:26.183,1.58225,1.58295,2.40,2.80
2009.06.22 08:08:26.533,1.58225,1.58295,2.40,14.00
2009.06.22 08:08:26.873,1.58215,1.5828,2.40,3.20
2009.06.22 08:08:27.103,1.58215,1.5828,2.40,12.80
2009.06.22 08:08:27.213,1.58215,1.5828,2.40,14.40
2009.06.22 08:08:27.553,1.58215,1.58275,2.40,1.60
2009.06.22 08:08:28.682,1.58225,1.58275,1.60,1.60
2009.06.22 08:08:29.032,1.58215,1.58275,2.40,2.80
2009.06.22 08:08:29.322,1.58225,1.5827,1.60,1.60
2009.06.22 08:08:29.592,1.58225,1.58285,2.40,2.80
2009.06.22 08:08:30.962,1.5823,1.5829,2.40,2.80
2009.06.22 08:08:31.522,1.58225,1.5829,2.40,7.60
2009.06.22 08:08:31.862,1.58225,1.5828,2.40,1.60
2009.06.22 08:08:32.151,1.5823,1.5828,2.40,1.60
2009.06.22 08:08:32.371,1.5823,1.58285,2.40,1.60
2009.06.22 08:08:32.892,1.5822,1.58285,1.60,9.60
2009.06.22 08:08:33.131,1.58225,1.58285,2.40,12.80
2009.06.22 08:08:33.591,1.58225,1.58285,2.40,3.20
2009.06.22 08:08:33.821,1.58225,1.5829,2.40,1.60
2009.06.22 08:08:34.751,1.5822,1.5829,1.00,5.00
2009.06.22 08:08:35.151,1.58225,1.5828,1.00,1.60
2009.06.22 08:08:35.381,1.58225,1.5828,2.40,1.60
2009.06.22 08:08:35.601,1.58225,1.58285,2.40,12.80
2009.06.22 08:08:35.721,1.5823,1.58285,2.40,11.20
2009.06.22 08:08:35.950,1.5823,1.583,2.40,4.40
2009.06.22 08:08:36.401,1.5823,1.583,2.40,6.00
2009.06.22 08:08:37.120,1.5823,1.583,2.40,4.40
2009.06.22 08:08:38.040,1.5823,1.583,2.40,4.40
2009.06.22 08:08:48.688,1.5823,1.583,2.40,7.60
2009.06.22 08:08:48.807,1.58225,1.583,2.40,7.60
2009.06.22 08:08:48.968,1.58225,1.5829,4.00,1.60
2009.06.22 08:08:49.138,1.5823,1.583,2.40,2.80
2009.06.22 08:08:49.468,1.58225,1.5829,2.40,1.60
2009.06.22 08:08:49.808,1.58225,1.5829,2.40,3.20
2009.06.22 08:08:50.847,1.58225,1.5829,2.40,1.60
2009.06.22 08:08:51.007,1.58225,1.5829,2.40,3.20
2009.06.22 08:08:59.095,1.58225,1.5829,2.40,3.20
2009.06.22 08:08:59.895,1.58235,1.5829,2.40,3.20
2009.06.22 08:09:00.125,1.58235,1.5829,2.40,1.60
2009.06.22 08:09:00.625,1.58235,1.58295,2.40,14.40
2009.06.22 08:09:01.075,1.58235,1.58295,2.40,12.80
2009.06.22 08:09:02.154,1.58235,1.58295,2.40,14.40
2009.06.22 08:09:03.234,1.58235,1.5829,2.40,1.60
2009.06.22 08:09:03.414,1.58225,1.5829,4.00,12.80
2009.06.22 08:09:03.704,1.58225,1.5829,2.40,14.40
2009.06.22 08:09:05.713,1.58225,1.5829,4.00,14.40
2009.06.22 08:09:06.113,1.58235,1.5829,2.40,14.40
2009.06.22 08:09:06.413,1.58235,1.5829,2.40,1.60
2009.06.22 08:09:11.522,1.58235,1.58295,2.40,3.20
2009.06.22 08:09:12.352,1.58245,1.58295,2.40,3.20
2009.06.22 08:09:12.712,1.58235,1.58295,2.40,1.60
2009.06.22 08:09:13.581,1.5824,1.583,1.00,1.60
2009.06.22 08:09:14.671,1.5824,1.583,1.00,3.20
2009.06.22 08:09:14.791,1.58235,1.583,2.40,3.20
2009.06.22 08:09:15.291,1.5824,1.583,1.00,1.60
2009.06.22 08:09:16.351,1.5824,1.58295,1.00,1.60
2009.06.22 08:09:16.691,1.5824,1.583,1.00,3.20
2009.06.22 08:09:17.211,1.58235,1.58295,1.00,1.60
2009.06.22 08:09:17.541,1.58235,1.58295,1.00,3.20
2009.06.22 08:09:17.880,1.5824,1.58295,2.40,3.20
2009.06.22 08:09:18.240,1.58235,1.58295,2.40,1.60
2009.06.22 08:09:18.580,1.58245,1.5829,2.40,1.60
2009.06.22 08:09:18.980,1.5823,1.58275,1.60,6.00
2009.06.22 08:09:19.320,1.58185,1.58265,2.40,1.60
2009.06.22 08:09:19.770,1.58185,1.58265,4.00,1.60
2009.06.22 08:09:19.950,1.58195,1.58265,2.40,1.60
2009.06.22 08:09:22.910,1.58205,1.5826,2.40,1.60
2009.06.22 08:09:24.369,1.5821,1.58265,2.40,1.60
2009.06.22 08:09:24.709,1.5821,1.5827,2.40,1.60
2009.06.22 08:09:24.939,1.58215,1.58275,2.40,3.20
2009.06.22 08:09:25.589,1.58215,1.58275,2.40,1.60
2009.06.22 08:09:25.988,1.5823,1.58275,2.40,1.60
2009.06.22 08:09:26.389,1.5823,1.5828,2.40,3.20
2009.06.22 08:09:26.738,1.58225,1.58285,2.40,1.60
2009.06.22 08:09:26.958,1.5822,1.58285,4.00,1.60
2009.06.22 08:09:27.168,1.58215,1.5828,1.60,1.60
2009.06.22 08:09:27.509,1.58215,1.5827,2.40,1.60
2009.06.22 08:09:27.848,1.58215,1.5827,2.40,11.20
2009.06.22 08:09:28.148,1.58215,1.5828,2.40,12.80
2009.06.22 08:09:28.768,1.5822,1.58275,2.40,1.60
2009.06.22 08:09:29.328,1.5821,1.58275,2.40,1.60
2009.06.22 08:09:29.668,1.5821,1.5828,8.00,5.00
2009.06.22 08:09:30.068,1.58215,1.5828,2.40,17.20
2009.06.22 08:09:30.418,1.58215,1.5828,2.40,7.60
2009.06.22 08:09:30.748,1.58215,1.5827,2.40,1.60
2009.06.22 08:09:31.218,1.58205,1.58255,9.60,1.00
2009.06.22 08:09:31.517,1.5817,1.5825,1.00,3.20
2009.06.22 08:09:31.987,1.58185,1.58245,2.40,1.60
2009.06.22 08:09:32.167,1.58185,1.5825,2.40,9.60
2009.06.22 08:09:32.337,1.58185,1.58255,2.40,2.80
2009.06.22 08:09:32.507,1.58185,1.5825,2.40,2.80
2009.06.22 08:09:32.687,1.5819,1.5825,2.40,2.80
2009.06.22 08:09:32.977,1.58185,1.5825,2.40,4.40
2009.06.22 08:09:33.657,1.58185,1.58245,2.40,2.80
2009.06.22 08:09:33.987,1.5817,1.58245,4.00,2.80
2009.06.22 08:09:34.276,1.5817,1.5824,2.40,1.60
2009.06.22 08:09:35.306,1.58185,1.5824,2.40,2.80
2009.06.22 08:09:35.776,1.58185,1.58245,2.40,4.40
2009.06.22 08:09:36.656,1.5817,1.5824,4.00,7.60
2009.06.22 08:09:36.996,1.5817,1.5823,2.40,1.60
2009.06.22 08:09:38.726,1.58165,1.58225,2.40,1.60
2009.06.22 08:09:39.315,1.58165,1.5822,2.40,1.60
2009.06.22 08:09:40.395,1.5817,1.5822,2.40,1.60
2009.06.22 08:09:40.565,1.5817,1.58225,2.40,1.60
2009.06.22 08:09:41.455,1.5818,1.58225,2.40,1.60
2009.06.22 08:09:41.955,1.5818,1.5823,2.40,1.60
2009.06.22 08:09:43.834,1.5818,1.58235,2.40,1.60
2009.06.22 08:09:44.974,1.5818,1.5823,2.40,1.60
2009.06.22 08:09:45.314,1.5817,1.5823,4.00,1.60
2009.06.22 08:09:45.614,1.58165,1.58235,4.00,7.60
2009.06.22 08:09:45.944,1.5817,1.58225,1.60,1.60
2009.06.22 08:09:46.344,1.58155,1.58235,2.40,20.80
2009.06.22 08:09:46.694,1.58165,1.58225,2.40,8.00
2009.06.22 08:09:46.924,1.58155,1.58225,2.40,8.00
2009.06.22 08:09:47.513,1.58155,1.58235,2.40,19.20
2009.06.22 08:09:47.803,1.58155,1.58235,2.40,20.80
2009.06.22 08:09:50.233,1.58155,1.58225,2.40,11.20
2009.06.22 08:09:50.513,1.5815,1.58225,4.00,12.80
2009.06.22 08:09:50.803,1.58155,1.5822,2.40,9.60
2009.06.22 08:09:51.213,1.58155,1.58235,2.40,20.80
2009.06.22 08:09:51.612,1.58165,1.58225,2.40,12.80
2009.06.22 08:09:51.902,1.58165,1.58225,2.40,1.60
2009.06.22 08:09:52.862,1.58165,1.58225,2.40,2.80
2009.06.22 08:09:53.082,1.58155,1.58215,1.60,1.60
2009.06.22 08:09:53.302,1.58155,1.58215,2.40,1.60
2009.06.22 08:09:53.863,1.58155,1.5823,2.40,4.40
2009.06.22 08:09:58.021,1.58155,1.58225,2.40,3.20
2009.06.22 08:09:58.321,1.5815,1.58225,2.40,12.80
2009.06.22 08:09:58.621,1.5815,1.58225,2.40,4.40
2009.06.22 08:09:59.421,1.5814,1.58215,4.20,1.00
2009.06.22 08:09:59.770,1.5814,1.58205,4.00,1.60
2009.06.22 08:10:00.001,1.5814,1.58205,2.40,12.80
2009.06.22 08:10:00.350,1.5814,1.58205,2.40,1.60
2009.06.22 08:10:01.610,1.58145,1.582,2.40,1.60
2009.06.22 08:10:03.559,1.58145,1.582,2.40,1.60
2009.06.22 08:10:03.950,1.58145,1.5821,2.40,3.20
2009.06.22 08:10:04.239,1.5815,1.5821,1.00,1.60
2009.06.22 08:10:04.579,1.58145,1.58215,2.40,12.80
2009.06.22 08:10:04.759,1.58145,1.58215,2.40,1.60
2009.06.22 08:10:05.039,1.58145,1.58215,2.40,12.80
2009.06.22 08:10:06.539,1.58145,1.58215,4.40,12.80
2009.06.22 08:10:06.869,1.5815,1.58215,2.40,1.60
2009.06.22 08:10:07.049,1.5815,1.5822,4.00,3.20
2009.06.22 08:10:07.279,1.58155,1.5822,2.40,1.60
2009.06.22 08:10:07.459,1.58155,1.58225,2.40,1.60
2009.06.22 08:10:07.749,1.58155,1.5822,2.40,1.60
2009.06.22 08:10:08.098,1.58155,1.5823,2.40,2.80
2009.06.22 08:10:10.048,1.58165,1.58225,2.40,11.20
2009.06.22 08:10:10.278,1.58165,1.58225,2.40,3.20
2009.06.22 08:10:10.558,1.58165,1.5823,2.40,6.00
2009.06.22 08:10:10.848,1.58155,1.5822,2.40,1.60
2009.06.22 08:10:11.198,1.5815,1.5821,4.00,1.60
2009.06.22 08:10:11.528,1.5815,1.5821,2.40,1.60
2009.06.22 08:10:16.336,1.5815,1.5821,4.00,1.60
2009.06.22 08:10:16.566,1.58155,1.5821,2.40,1.60
2009.06.22 08:10:17.586,1.5815,1.5821,2.40,1.60
2009.06.22 08:10:18.216,1.5815,1.5821,4.00,1.60
2009.06.22 08:10:18.336,1.58155,1.5821,2.40,1.60
2009.06.22 08:10:19.086,1.58155,1.5821,4.00,1.60
2009.06.22 08:10:19.546,1.58165,1.5821,2.40,1.60
2009.06.22 08:10:19.955,1.58155,1.5821,4.00,1.60
2009.06.22 08:10:20.176,1.58155,1.5821,1.60,1.60
2009.06.22 08:10:20.915,1.5815,1.58205,1.60,3.40
2009.06.22 08:10:21.265,1.58135,1.582,3.20,1.60
2009.06.22 08:10:21.685,1.58125,1.582,9.80,3.40
2009.06.22 08:10:21.855,1.5813,1.58195,1.00,5.00
2009.06.22 08:10:22.285,1.58135,1.5819,1.00,1.60
2009.06.22 08:10:22.975,1.5813,1.58195,1.00,8.20
2009.06.22 08:10:23.265,1.5813,1.58195,1.00,5.00
2009.06.22 08:10:26.254,1.5812,1.5819,4.00,17.80
2009.06.22 08:10:26.594,1.5812,1.58185,2.40,3.20
2009.06.22 08:10:26.934,1.5812,1.58185,1.60,3.20
2009.06.22 08:10:27.394,1.5812,1.58185,2.40,3.20
2009.06.22 08:10:28.234,1.5812,1.5818,2.40,1.60
2009.06.22 08:10:28.294,1.5812,1.5818,1.60,1.60
2009.06.22 08:10:29.584,1.5812,1.5818,2.40,1.60
2009.06.22 08:10:29.803,1.5812,1.58185,2.40,3.20
2009.06.22 08:10:32.403,1.58145,1.58215,1.00,8.00
2009.06.22 08:10:32.642,1.5814,1.58215,1.00,11.20
2009.06.22 08:10:32.873,1.58135,1.5821,1.00,1.00
2009.06.22 08:10:33.263,1.5814,1.58195,1.00,12.80
2009.06.22 08:10:33.612,1.5814,1.5819,1.00,1.60
2009.06.22 08:10:34.002,1.5814,1.58195,1.00,1.60
2009.06.22 08:10:35.932,1.5815,1.58195,1.60,1.60
2009.06.22 08:10:39.011,1.5814,1.58195,1.00,1.60
2009.06.22 08:10:39.291,1.5814,1.582,1.60,11.20
2009.06.22 08:10:39.801,1.5814,1.58205,1.00,16.20
2009.06.22 08:10:40.141,1.5814,1.58205,1.00,17.80
2009.06.22 08:10:40.520,1.5814,1.58205,1.00,9.80
2009.06.22 08:10:40.860,1.5814,1.58205,1.00,6.60
2009.06.22 08:10:41.210,1.5814,1.58205,1.00,9.80
2009.06.22 08:10:41.440,1.5814,1.58205,1.00,17.80
2009.06.22 08:10:41.720,1.58135,1.582,1.00,3.40
2009.06.22 08:10:41.950,1.58135,1.582,1.00,16.20
2009.06.22 08:10:42.180,1.58135,1.58195,1.00,1.60
2009.06.22 08:10:42.420,1.58135,1.5819,1.00,3.40
2009.06.22 08:10:42.700,1.58125,1.5819,3.20,5.00
2009.06.22 08:10:43.040,1.5814,1.58185,1.60,3.20
2009.06.22 08:10:43.370,1.58135,1.5819,1.60,1.60
2009.06.22 08:10:43.710,1.58135,1.582,1.60,1.60
2009.06.22 08:10:44.050,1.5814,1.582,1.60,1.60
2009.06.22 08:10:44.450,1.5814,1.5821,1.60,17.80
2009.06.22 08:10:44.880,1.58145,1.58215,1.60,19.20
2009.06.22 08:10:45.270,1.58145,1.5821,1.60,8.00
2009.06.22 08:10:45.610,1.58155,1.58215,1.60,16.20
2009.06.22 08:10:45.949,1.58155,1.58215,1.60,8.00
2009.06.22 08:10:46.279,1.58155,1.58225,1.60,1.60
2009.06.22 08:10:46.689,1.58155,1.5823,1.60,2.80
2009.06.22 08:10:47.209,1.5815,1.5821,1.60,3.40
2009.06.22 08:10:47.849,1.58135,1.5821,1.60,13.00
2009.06.22 08:10:48.029,1.58135,1.5821,4.00,1.60
2009.06.22 08:10:48.199,1.58135,1.5821,1.60,3.40
2009.06.22 08:10:48.479,1.58135,1.582,1.60,5.00
2009.06.22 08:10:49.389,1.58145,1.582,1.60,1.60
2009.06.22 08:10:49.728,1.5814,1.5821,1.60,3.40
2009.06.22 08:10:50.068,1.58145,1.5821,1.60,1.60
2009.06.22 08:10:50.358,1.58145,1.58215,1.60,6.40
2009.06.22 08:10:50.588,1.58135,1.58215,4.00,6.40
2009.06.22 08:10:50.758,1.58135,1.58215,1.60,6.40
2009.06.22 08:10:50.928,1.5815,1.58215,1.60,2.80
2009.06.22 08:10:51.088,1.5815,1.58215,1.60,4.40
2009.06.22 08:10:51.358,1.58145,1.5821,1.60,11.20
2009.06.22 08:10:51.718,1.58145,1.58215,1.60,20.80
2009.06.22 08:10:52.408,1.58145,1.5821,1.60,2.80
2009.06.22 08:10:52.808,1.5814,1.5821,1.60,6.40
2009.06.22 08:10:53.047,1.58135,1.58205,1.60,16.20
2009.06.22 08:10:53.317,1.58135,1.58205,1.60,5.00
2009.06.22 08:10:54.297,1.58135,1.58205,1.60,1.60
2009.06.22 08:10:54.857,1.58135,1.5821,1.60,2.80
2009.06.22 08:10:55.777,1.58135,1.582,1.60,3.40
2009.06.22 08:10:55.997,1.58135,1.582,1.60,11.40
2009.06.22 08:10:56.167,1.58135,1.582,1.60,16.20
2009.06.22 08:10:56.767,1.58135,1.582,1.60,6.60
2009.06.22 08:10:56.887,1.58135,1.582,1.60,6.40
2009.06.22 08:10:57.227,1.58125,1.58195,1.60,3.40
2009.06.22 08:10:57.517,1.58125,1.58195,1.60,5.00
2009.06.22 08:10:58.556,1.5812,1.58195,4.00,5.00
2009.06.22 08:10:58.896,1.5812,1.5819,1.60,3.40
2009.06.22 08:10:59.336,1.58125,1.5819,1.60,5.00
2009.06.22 08:10:59.556,1.58125,1.58195,1.60,5.00
2009.06.22 08:11:01.165,1.58135,1.58195,1.60,5.00
2009.06.22 08:11:01.465,1.5813,1.5819,1.60,8.00
2009.06.22 08:11:01.806,1.5813,1.5819,1.60,1.60
2009.06.22 08:11:06.964,1.58135,1.5819,1.60,1.60
2009.06.22 08:11:08.164,1.5813,1.5819,1.60,1.60
2009.06.22 08:11:09.603,1.58125,1.5818,8.00,3.40
2009.06.22 08:11:09.874,1.58125,1.5818,1.60,1.60
2009.06.22 08:11:10.174,1.58125,1.5818,1.60,3.20
2009.06.22 08:11:10.413,1.5813,1.5818,1.60,1.60
2009.06.22 08:11:10.695,1.58125,1.58175,1.60,1.60
2009.06.22 08:11:11.153,1.5812,1.58175,1.60,1.60
2009.06.22 08:11:11.563,1.58115,1.5817,2.40,1.60
2009.06.22 08:11:14.102,1.5812,1.5817,1.00,1.60
2009.06.22 08:11:15.573,1.5812,1.58175,1.00,6.60
2009.06.22 08:11:15.632,1.5812,1.58175,1.00,9.80
2009.06.22 08:11:15.692,1.5812,1.58175,1.00,17.80
2009.06.22 08:11:15.862,1.5812,1.5817,1.00,1.60
2009.06.22 08:11:15.982,1.5812,1.5817,1.00,3.20
2009.06.22 08:11:16.342,1.5812,1.5817,1.00,1.60
2009.06.22 08:11:17.712,1.58115,1.5818,2.40,2.80
2009.06.22 08:11:17.992,1.5812,1.5818,1.00,6.60
2009.06.22 08:11:18.171,1.5812,1.5818,1.00,14.60
2009.06.22 08:11:18.402,1.5812,1.5818,1.00,16.20
2009.06.22 08:11:18.572,1.5812,1.58175,1.00,12.80
2009.06.22 08:11:19.261,1.58115,1.58175,2.40,1.60
2009.06.22 08:11:19.661,1.58115,1.5818,2.40,1.60
2009.06.22 08:11:19.781,1.58115,1.58185,2.40,8.00
2009.06.22 08:11:20.001,1.5812,1.5818,1.00,3.40
2009.06.22 08:11:20.231,1.58115,1.5818,2.40,14.60
2009.06.22 08:11:20.401,1.58115,1.5818,2.40,11.20
2009.06.22 08:11:20.511,1.58115,1.5818,2.40,12.80
2009.06.22 08:11:20.731,1.58115,1.5818,2.40,1.60
2009.06.22 08:11:21.011,1.58115,1.58185,2.40,8.00
2009.06.22 08:11:21.191,1.58115,1.58185,2.40,19.20
2009.06.22 08:11:21.371,1.58115,1.58185,2.40,11.20
2009.06.22 08:11:21.601,1.58115,1.58185,2.40,8.00
2009.06.22 08:11:21.991,1.58115,1.58185,2.40,5.00
2009.06.22 08:11:23.490,1.5812,1.58185,1.60,5.00
2009.06.22 08:11:23.770,1.5812,1.58185,1.60,1.60
2009.06.22 08:11:24.060,1.5812,1.5819,1.60,6.60
2009.06.22 08:11:26.130,1.58115,1.5819,4.80,6.60
2009.06.22 08:11:26.300,1.58115,1.5819,4.80,5.00
2009.06.22 08:11:26.460,1.58115,1.5818,2.40,3.40
2009.06.22 08:11:26.630,1.5812,1.5818,1.00,3.40
2009.06.22 08:11:26.919,1.5812,1.5818,1.00,5.00
2009.06.22 08:11:27.149,1.5812,1.58175,1.00,2.80
2009.06.22 08:11:27.529,1.5812,1.58165,1.00,1.60
2009.06.22 08:11:29.019,1.5812,1.58165,1.00,5.00
2009.06.22 08:11:29.319,1.5812,1.5815,1.00,5.00
2009.06.22 08:11:29.709,1.5812,1.5815,1.00,3.20
2009.06.22 08:11:30.119,1.5812,1.58155,1.00,7.60
2009.06.22 08:11:30.469,1.5812,1.5815,1.00,8.00
2009.06.22 08:11:31.848,1.5812,1.58145,1.00,1.60
2009.06.22 08:11:33.528,1.5812,1.5814,1.00,5.00
2009.06.22 08:11:33.878,1.5812,1.5814,1.00,1.60
2009.06.22 08:11:34.118,1.5812,1.58145,1.00,3.20
2009.06.22 08:11:34.868,1.5812,1.58145,1.00,1.60
2009.06.22 08:11:37.227,1.5812,1.5815,1.00,3.20
2009.06.22 08:11:37.507,1.5812,1.58155,1.00,4.40
2009.06.22 08:11:37.787,1.5812,1.5815,1.00,1.60
2009.06.22 08:11:37.907,1.5812,1.58145,1.00,1.60
2009.06.22 08:11:38.647,1.5812,1.5815,1.00,1.60
2009.06.22 08:11:39.716,1.5812,1.5816,1.00,6.60
2009.06.22 08:11:42.306,1.5812,1.5814,1.00,1.60
2009.06.22 08:11:42.716,1.5812,1.58145,1.00,1.60
2009.06.22 08:11:45.235,1.5812,1.5813,1.00,1.60
2009.06.22 08:11:45.705,1.5806,1.58125,1.60,1.60
2009.06.22 08:11:45.825,1.5805,1.58125,1.60,1.60
2009.06.22 08:11:45.995,1.5805,1.5813,1.60,3.20
2009.06.22 08:11:46.225,1.5805,1.5813,1.60,1.60
2009.06.22 08:11:46.755,1.5806,1.5813,1.60,9.60
2009.06.22 08:11:47.105,1.58075,1.5813,1.60,1.60
2009.06.22 08:11:47.495,1.5809,1.58135,1.60,3.20
2009.06.22 08:11:47.725,1.5809,1.5814,1.60,4.80
2009.06.22 08:11:48.014,1.5809,1.58145,1.60,12.80
2009.06.22 08:11:48.234,1.5809,1.58145,1.60,1.60
2009.06.22 08:11:48.794,1.58085,1.58145,1.60,1.60
2009.06.22 08:11:50.314,1.58085,1.58135,1.60,1.60
2009.06.22 08:11:50.604,1.5808,1.5814,8.00,3.40
2009.06.22 08:11:50.884,1.58065,1.5814,1.60,5.00
2009.06.22 08:11:50.943,1.58075,1.5814,1.60,5.00
2009.06.22 08:11:51.004,1.58075,1.5814,1.60,12.80
2009.06.22 08:11:51.183,1.58075,1.5814,1.60,14.40
2009.06.22 08:11:51.413,1.58075,1.5814,1.60,4.80
2009.06.22 08:11:51.523,1.58075,1.5814,1.60,1.60
2009.06.22 08:11:54.233,1.5809,1.5816,4.00,2.80
2009.06.22 08:11:55.043,1.58105,1.5816,1.60,1.60
2009.06.22 08:11:55.273,1.58105,1.58165,1.60,12.80
2009.06.22 08:11:55.563,1.58105,1.58175,1.60,10.80
2009.06.22 08:11:55.843,1.58105,1.58175,1.60,2.80
2009.06.22 08:11:56.072,1.58095,1.5817,3.20,8.00
2009.06.22 08:11:56.302,1.58095,1.5817,3.20,19.20
2009.06.22 08:11:56.592,1.581,1.5817,1.60,2.80
2009.06.22 08:11:56.982,1.5811,1.5817,2.40,12.80
2009.06.22 08:11:57.222,1.58105,1.58175,1.60,2.80
2009.06.22 08:12:01.211,1.5811,1.58175,2.40,2.80
2009.06.22 08:12:01.391,1.5811,1.5818,2.40,2.80
2009.06.22 08:12:01.671,1.58105,1.5818,1.60,8.00
2009.06.22 08:12:02.001,1.5811,1.5818,4.00,4.40
2009.06.22 08:12:02.291,1.58105,1.5818,1.60,6.40
2009.06.22 08:12:03.920,1.5811,1.5818,1.60,6.40
2009.06.22 08:12:04.030,1.5811,1.5818,4.00,2.80
2009.06.22 08:12:06.180,1.5812,1.5818,1.60,2.80
2009.06.22 08:12:06.300,1.5812,1.5819,1.60,6.00
2009.06.22 08:12:07.180,1.58115,1.58175,4.00,1.60
2009.06.22 08:12:07.520,1.58115,1.58175,1.60,1.60
2009.06.22 08:12:07.910,1.5811,1.58175,2.40,1.60
2009.06.22 08:12:08.140,1.58105,1.58175,1.60,1.60
2009.06.22 08:12:08.369,1.581,1.5818,14.60,3.40
2009.06.22 08:12:08.590,1.581,1.5818,9.60,8.00
2009.06.22 08:12:08.759,1.581,1.58175,1.60,11.20
2009.06.22 08:12:09.049,1.581,1.58175,9.80,1.60
2009.06.22 08:12:09.519,1.5809,1.58175,14.60,1.00
2009.06.22 08:12:09.919,1.5809,1.5817,14.60,3.40
2009.06.22 08:12:10.319,1.581,1.5817,1.60,13.00
2009.06.22 08:12:10.609,1.58105,1.5817,1.60,1.60
2009.06.22 08:12:10.839,1.58105,1.5818,1.60,19.20
2009.06.22 08:12:11.179,1.5812,1.5818,1.60,19.20
2009.06.22 08:12:11.459,1.58105,1.5818,13.00,1.60
2009.06.22 08:12:11.849,1.58125,1.5818,1.60,1.60
2009.06.22 08:12:12.259,1.5813,1.58195,1.60,1.60
2009.06.22 08:12:12.718,1.5813,1.582,1.60,5.00
2009.06.22 08:12:13.158,1.58125,1.58185,3.00,3.40
2009.06.22 08:12:13.548,1.5812,1.5819,1.60,3.40
2009.06.22 08:12:13.888,1.58115,1.58175,9.60,3.40
2009.06.22 08:12:14.218,1.58115,1.58175,8.00,1.60
2009.06.22 08:12:14.568,1.5811,1.58175,1.00,1.60
2009.06.22 08:12:15.038,1.5811,1.5818,4.40,1.60
2009.06.22 08:12:15.438,1.5811,1.5819,4.00,11.20
2009.06.22 08:12:15.728,1.5811,1.58185,4.00,12.80
2009.06.22 08:12:16.008,1.5811,1.5819,4.00,8.00
2009.06.22 08:12:16.358,1.58105,1.58185,4.00,16.20
2009.06.22 08:12:16.717,1.58105,1.5818,2.40,4.80
2009.06.22 08:12:17.047,1.5812,1.58175,1.60,1.60
2009.06.22 08:12:17.567,1.5812,1.5818,1.60,11.20
2009.06.22 08:12:17.747,1.5812,1.58195,1.60,2.80
2009.06.22 08:12:18.927,1.58125,1.58205,4.00,4.40
2009.06.22 08:12:19.597,1.58125,1.582,8.00,3.40
2009.06.22 08:12:20.007,1.5812,1.582,13.80,14.60
2009.06.22 08:12:20.356,1.5812,1.582,12.20,16.20
2009.06.22 08:12:20.587,1.58125,1.582,1.60,16.20
2009.06.22 08:12:20.917,1.58125,1.582,4.00,12.80
2009.06.22 08:12:21.136,1.58125,1.5821,4.00,6.40
2009.06.22 08:12:21.356,1.5813,1.5821,1.60,6.40
2009.06.22 08:12:21.936,1.5813,1.58205,1.60,2.80
2009.06.22 08:12:26.375,1.5813,1.5819,2.40,2.80
2009.06.22 08:12:26.715,1.58125,1.582,4.00,14.00
2009.06.22 08:12:26.775,1.58125,1.582,2.40,14.00
2009.06.22 08:12:27.165,1.58125,1.58185,1.60,1.60
2009.06.22 08:12:27.455,1.5812,1.58185,9.60,1.60
2009.06.22 08:12:27.625,1.5812,1.58185,8.00,1.60
2009.06.22 08:12:27.975,1.5812,1.58185,1.00,1.60
2009.06.22 08:12:28.425,1.5812,1.58185,1.00,14.40
2009.06.22 08:12:28.645,1.5812,1.58185,1.00,3.20
2009.06.22 08:12:31.224,1.5812,1.58185,1.60,3.20
2009.06.22 08:12:31.574,1.5812,1.58185,4.00,3.20
2009.06.22 08:12:31.904,1.5812,1.58185,4.00,1.60
2009.06.22 08:12:38.712,1.58125,1.58185,1.00,1.60
2009.06.22 08:12:38.952,1.58125,1.58185,1.60,1.60
2009.06.22 08:12:39.302,1.5813,1.5819,1.00,1.60
2009.06.22 08:12:39.712,1.5812,1.58185,4.00,1.60
2009.06.22 08:12:39.832,1.5812,1.58185,4.00,3.20
2009.06.22 08:12:46.040,1.58115,1.58185,12.00,1.60
2009.06.22 08:12:46.261,1.58115,1.58185,2.40,14.40
2009.06.22 08:12:46.840,1.5812,1.58185,2.40,14.40
2009.06.22 08:12:47.130,1.58125,1.58185,1.00,14.40
2009.06.22 08:12:47.360,1.58115,1.58185,2.40,14.40
2009.06.22 08:12:47.630,1.58115,1.58175,1.60,1.60
2009.06.22 08:12:47.810,1.5811,1.58175,1.60,1.60
2009.06.22 08:12:47.990,1.58125,1.58175,4.00,1.60
2009.06.22 08:12:48.160,1.58115,1.5818,1.00,12.80
2009.06.22 08:12:48.600,1.5812,1.58185,9.60,1.60
2009.06.22 08:12:48.890,1.58115,1.58185,1.00,14.40
2009.06.22 08:12:51.189,1.58125,1.5818,1.00,1.60
2009.06.22 08:12:51.529,1.58115,1.5818,1.00,9.60
2009.06.22 08:12:51.869,1.58115,1.5818,1.00,14.40
2009.06.22 08:12:52.219,1.58115,1.58175,1.00,1.60
2009.06.22 08:12:57.088,1.5811,1.58175,1.60,1.60
2009.06.22 08:12:57.427,1.5811,1.58175,1.00,1.60
2009.06.22 08:12:59.357,1.5811,1.58175,1.00,6.40
2009.06.22 08:12:59.637,1.58105,1.58175,1.60,17.80
2009.06.22 08:12:59.977,1.58105,1.58165,1.00,1.60
2009.06.22 08:13:00.157,1.5811,1.5817,1.00,1.60
2009.06.22 08:13:00.337,1.58115,1.58175,4.00,14.40
2009.06.22 08:13:00.557,1.58115,1.58175,2.40,12.80
2009.06.22 08:13:00.837,1.5811,1.58185,9.60,6.60
2009.06.22 08:13:01.007,1.5811,1.5818,1.00,12.80
2009.06.22 08:13:04.626,1.58115,1.5818,4.00,12.80
2009.06.22 08:13:04.856,1.58115,1.5818,4.00,11.20
2009.06.22 08:13:05.086,1.58115,1.5819,4.00,2.80
2009.06.22 08:13:05.376,1.5812,1.5819,1.60,2.80
2009.06.22 08:13:07.095,1.58135,1.58195,4.00,12.80
2009.06.22 08:13:14.034,1.5813,1.58185,2.40,1.60
2009.06.22 08:13:14.203,1.58125,1.58185,4.00,1.60
2009.06.22 08:13:14.443,1.5813,1.5818,4.00,1.60
2009.06.22 08:13:14.853,1.5812,1.5818,4.00,1.60
2009.06.22 08:13:15.244,1.58125,1.58185,4.00,3.20
2009.06.22 08:13:15.583,1.58125,1.58185,4.00,1.60
2009.06.22 08:13:16.213,1.5812,1.5819,4.00,4.40
2009.06.22 08:13:17.023,1.58125,1.5819,1.60,4.40
2009.06.22 08:13:17.263,1.58125,1.58185,4.00,1.60
2009.06.22 08:13:20.422,1.5811,1.58165,1.00,1.60
2009.06.22 08:13:23.291,1.5811,1.58165,1.00,5.00
2009.06.22 08:13:23.401,1.581,1.58165,1.60,5.00
2009.06.22 08:13:23.692,1.581,1.58165,1.60,1.60
2009.06.22 08:13:23.751,1.581,1.5816,1.00,1.60
2009.06.22 08:13:23.972,1.581,1.58165,1.00,1.60
2009.06.22 08:13:24.031,1.581,1.58165,1.00,12.80
2009.06.22 08:13:24.141,1.581,1.58165,1.00,1.60
2009.06.22 08:13:30.130,1.58095,1.58165,4.00,1.60
2009.06.22 08:13:31.699,1.58095,1.5816,4.00,1.60
2009.06.22 08:13:31.869,1.581,1.5816,1.00,1.60
2009.06.22 08:13:32.429,1.581,1.5816,1.00,3.20
2009.06.22 08:13:33.119,1.581,1.5816,1.00,1.60
2009.06.22 08:13:33.589,1.581,1.5817,1.00,14.40
2009.06.22 08:13:35.048,1.581,1.5817,1.60,14.40
2009.06.22 08:13:35.338,1.58105,1.5817,1.00,14.40
2009.06.22 08:13:35.618,1.58105,1.5817,1.00,6.40
2009.06.22 08:13:35.788,1.581,1.58165,1.60,1.60
2009.06.22 08:13:35.968,1.581,1.58165,1.00,3.20
2009.06.22 08:13:36.148,1.581,1.58165,1.00,14.40
2009.06.22 08:13:36.778,1.581,1.58165,1.00,3.20
2009.06.22 08:13:39.048,1.581,1.58165,1.00,6.40
2009.06.22 08:13:39.107,1.581,1.58165,1.00,14.40
2009.06.22 08:13:39.797,1.581,1.58165,1.00,11.20
2009.06.22 08:13:39.967,1.581,1.58165,1.00,3.20
2009.06.22 08:13:40.358,1.58105,1.58165,1.00,3.20
2009.06.22 08:13:40.707,1.58105,1.5817,1.00,6.40
2009.06.22 08:13:41.057,1.58105,1.5817,1.00,1.60
2009.06.22 08:13:41.357,1.581,1.58165,4.00,1.60
2009.06.22 08:13:43.067,1.58115,1.58165,2.40,1.60
2009.06.22 08:13:43.186,1.58115,1.58165,4.00,1.60
2009.06.22 08:13:43.296,1.58115,1.58175,4.00,4.80
2009.06.22 08:13:43.406,1.58125,1.58175,1.60,4.80
2009.06.22 08:13:43.517,1.58125,1.58175,1.60,1.60
2009.06.22 08:13:43.746,1.58125,1.5819,1.60,2.80
2009.06.22 08:13:44.476,1.58125,1.58195,1.60,2.80
2009.06.22 08:13:45.566,1.58125,1.582,1.60,2.80
2009.06.22 08:13:50.245,1.58115,1.582,4.00,2.80
2009.06.22 08:13:50.405,1.58115,1.582,1.60,14.40
2009.06.22 08:13:50.635,1.5811,1.5819,3.20,2.80
2009.06.22 08:13:51.195,1.5811,1.5819,1.60,2.80
2009.06.22 08:14:04.431,1.5811,1.5819,1.60,2.80
2009.06.22 08:14:04.721,1.5811,1.5819,1.60,6.40
2009.06.22 08:14:04.891,1.58115,1.5818,1.60,11.20
2009.06.22 08:14:05.062,1.58115,1.58185,1.60,2.80
2009.06.22 08:14:05.231,1.5811,1.58185,1.60,2.80
2009.06.22 08:14:05.401,1.58105,1.58185,1.60,2.80
2009.06.22 08:14:05.741,1.58105,1.58175,1.60,2.80
2009.06.22 08:14:06.091,1.5811,1.58175,1.60,2.80
2009.06.22 08:14:06.421,1.5811,1.5818,1.60,2.80
2009.06.22 08:14:07.921,1.58115,1.5818,1.60,2.80
2009.06.22 08:14:08.261,1.58115,1.58185,1.60,2.80
2009.06.22 08:14:22.197,1.58125,1.58195,1.60,6.00
2009.06.22 08:14:22.537,1.58125,1.58195,1.60,2.80
2009.06.22 08:14:22.937,1.5813,1.58195,1.60,2.80
2009.06.22 08:14:24.037,1.58125,1.58195,1.60,2.80
2009.06.22 08:14:25.376,1.5813,1.58195,1.60,2.80
2009.06.22 08:14:28.816,1.5813,1.582,1.60,2.80
2009.06.22 08:14:30.585,1.58135,1.582,1.60,2.80
2009.06.22 08:14:34.534,1.5814,1.58195,1.60,11.20
2009.06.22 08:14:34.934,1.5814,1.58205,1.60,4.40
2009.06.22 08:14:35.154,1.5814,1.58205,1.60,2.80
2009.06.22 08:14:35.724,1.58135,1.58205,1.60,2.80
2009.06.22 08:14:37.263,1.58135,1.582,1.60,2.80
2009.06.22 08:14:38.086,1.5814,1.58205,1.60,9.20
2009.06.22 08:14:38.593,1.5814,1.58205,1.60,7.60
2009.06.22 08:14:39.743,1.58145,1.58205,1.60,7.60
2009.06.22 08:14:40.233,1.58145,1.5821,1.60,4.40
2009.06.22 08:14:40.463,1.58145,1.5821,1.60,2.80
2009.06.22 08:14:41.023,1.5814,1.5821,2.40,2.80
2009.06.22 08:14:41.143,1.5814,1.58205,1.60,3.40
2009.06.22 08:14:41.492,1.5814,1.58195,1.60,1.60
2009.06.22 08:14:41.663,1.58125,1.58195,1.60,1.60
2009.06.22 08:14:41.833,1.5814,1.58195,1.60,12.80
2009.06.22 08:14:42.122,1.58145,1.58195,1.60,9.60
2009.06.22 08:14:42.462,1.58145,1.582,1.60,1.60
2009.06.22 08:14:42.802,1.58145,1.5821,1.60,2.80
2009.06.22 08:14:45.152,1.5814,1.5821,1.60,9.60
2009.06.22 08:14:45.561,1.5814,1.582,1.60,1.60
2009.06.22 08:14:45.671,1.5814,1.582,1.60,2.80
2009.06.22 08:14:45.732,1.5814,1.58195,1.60,1.60
2009.06.22 08:14:45.851,1.58135,1.58195,4.00,1.60
2009.06.22 08:14:45.902,1.58135,1.582,1.60,4.40
2009.06.22 08:14:47.361,1.5813,1.582,4.00,4.40
2009.06.22 08:14:47.581,1.5813,1.582,1.60,8.00
2009.06.22 08:14:47.911,1.58135,1.582,1.60,4.40
2009.06.22 08:14:48.021,1.58135,1.582,1.60,6.00
2009.06.22 08:14:48.301,1.58135,1.582,1.60,4.40
2009.06.22 08:14:48.521,1.5814,1.582,1.60,4.40
2009.06.22 08:14:49.750,1.5814,1.58195,1.60,1.60
2009.06.22 08:14:50.111,1.5814,1.58205,1.60,4.40
2009.06.22 08:14:50.461,1.5814,1.582,1.60,1.60
2009.06.22 08:14:55.459,1.5814,1.58195,1.60,1.60
2009.06.22 08:14:56.939,1.58135,1.58195,4.00,1.60
2009.06.22 08:14:57.219,1.58135,1.58195,1.60,1.60
2009.06.22 08:14:57.379,1.58135,1.582,1.60,4.40
2009.06.22 08:15:02.407,1.58135,1.58185,1.60,3.20
2009.06.22 08:15:02.738,1.58135,1.58195,1.60,6.00
2009.06.22 08:15:03.027,1.58125,1.58195,1.60,2.80
2009.06.22 08:15:03.397,1.58135,1.58195,1.60,2.80
2009.06.22 08:15:03.637,1.5813,1.58195,1.60,2.80
2009.06.22 08:15:04.197,1.58125,1.58195,2.40,2.80
2009.06.22 08:15:04.487,1.5812,1.58195,3.20,6.40
2009.06.22 08:15:04.667,1.5812,1.58195,1.60,8.00
2009.06.22 08:15:08.606,1.58115,1.58195,4.00,9.60
2009.06.22 08:15:08.836,1.58115,1.5819,1.60,17.80
2009.06.22 08:15:09.076,1.58115,1.5819,1.60,17.60
2009.06.22 08:15:09.436,1.5812,1.5819,1.60,19.20
2009.06.22 08:15:09.716,1.5812,1.5819,1.60,4.40
2009.06.22 08:15:10.006,1.5812,1.5819,1.60,2.80
2009.06.22 08:15:11.495,1.5812,1.58195,1.60,8.00
2009.06.22 08:15:13.795,1.58125,1.58195,1.60,8.00
2009.06.22 08:15:14.135,1.58125,1.58195,1.60,4.40
2009.06.22 08:15:14.314,1.58125,1.58195,1.60,2.80
2009.06.22 08:15:14.955,1.5812,1.58195,4.00,2.80
2009.06.22 08:15:15.295,1.5812,1.58185,1.60,6.40
2009.06.22 08:15:15.644,1.5811,1.5818,1.60,3.20
2009.06.22 08:15:15.874,1.5811,1.5818,1.60,2.80
2009.06.22 08:15:20.543,1.58105,1.58175,1.60,11.20
2009.06.22 08:15:20.813,1.58105,1.58175,1.60,12.80
2009.06.22 08:15:26.912,1.581,1.58175,1.60,12.80
2009.06.22 08:15:27.032,1.581,1.5817,1.60,2.80
2009.06.22 08:15:27.991,1.58085,1.5816,3.20,2.80
2009.06.22 08:15:31.261,1.58105,1.58165,1.60,2.80
2009.06.22 08:15:31.441,1.58105,1.5817,1.60,2.80
2009.06.22 08:15:32.010,1.581,1.58165,1.60,2.80
2009.06.22 08:15:32.400,1.581,1.5816,1.60,11.20
2009.06.22 08:15:32.510,1.58095,1.5816,1.60,8.00
2009.06.22 08:15:32.680,1.58095,1.58165,1.60,2.80
2009.06.22 08:15:33.880,1.58095,1.5817,1.60,2.80
2009.06.22 08:15:34.660,1.581,1.5817,1.60,2.80
2009.06.22 08:15:35.120,1.581,1.58175,1.60,2.80
2009.06.22 08:15:39.239,1.5811,1.58175,1.60,2.80
2009.06.22 08:15:44.317,1.58115,1.58175,2.40,11.20
2009.06.22 08:15:44.617,1.58125,1.58175,1.60,8.00
2009.06.22 08:15:44.838,1.58115,1.5818,4.00,11.20
2009.06.22 08:15:45.067,1.58105,1.5818,4.20,3.20
2009.06.22 08:15:45.418,1.5812,1.58175,1.60,8.00
2009.06.22 08:15:45.807,1.5812,1.58175,1.60,11.20
2009.06.22 08:15:46.507,1.58125,1.582,1.60,2.80
2009.06.22 08:15:47.607,1.58125,1.5819,1.60,2.80
2009.06.22 08:15:47.786,1.5812,1.5819,1.60,6.40
2009.06.22 08:15:48.186,1.58125,1.5819,1.60,6.40
2009.06.22 08:15:48.306,1.58125,1.5819,1.60,2.80
2009.06.22 08:15:48.896,1.58125,1.5819,1.60,4.40
2009.06.22 08:15:49.126,1.5812,1.5819,1.60,8.00
2009.06.22 08:15:49.406,1.5812,1.5818,1.60,3.40
2009.06.22 08:15:49.876,1.58115,1.5818,1.60,3.40
2009.06.22 08:15:50.166,1.5811,1.5818,1.60,3.40
2009.06.22 08:15:50.516,1.5811,1.5817,1.60,3.40
2009.06.22 08:15:50.696,1.581,1.58155,9.60,3.40
2009.06.22 08:15:50.816,1.581,1.5815,9.60,3.40
2009.06.22 08:15:51.116,1.581,1.58145,1.60,3.40
2009.06.22 08:15:51.286,1.58095,1.58145,1.00,3.40
2009.06.22 08:15:51.336,1.5809,1.58145,1.00,3.40
2009.06.22 08:15:52.705,1.5809,1.58145,1.00,5.00
2009.06.22 08:15:56.464,1.5809,1.5815,1.60,5.00
2009.06.22 08:15:57.544,1.5809,1.58145,1.60,3.40
2009.06.22 08:15:58.014,1.5809,1.5815,1.60,5.00
2009.06.22 08:16:00.223,1.5809,1.5815,1.60,3.40
2009.06.22 08:16:04.023,1.5809,1.5815,1.00,3.40
2009.06.22 08:16:04.252,1.5809,1.58145,1.00,3.40
2009.06.22 08:16:04.592,1.58085,1.58145,1.60,5.00
2009.06.22 08:16:05.402,1.58085,1.58145,1.00,5.00
2009.06.22 08:16:06.212,1.5808,1.58145,1.60,5.00
2009.06.22 08:16:06.442,1.5808,1.58145,1.60,6.60
2009.06.22 08:16:07.882,1.5808,1.5814,1.00,3.40
2009.06.22 08:16:08.282,1.5808,1.5814,1.00,5.00
2009.06.22 08:16:10.651,1.58085,1.5814,1.00,5.00
2009.06.22 08:16:11.061,1.58085,1.5814,1.00,3.40
2009.06.22 08:16:13.010,1.5808,1.58135,1.00,3.40
2009.06.22 08:16:13.470,1.5808,1.5814,1.00,5.00
2009.06.22 08:16:13.760,1.58075,1.5814,1.60,5.00
2009.06.22 08:16:14.050,1.58075,1.5814,1.60,3.40
2009.06.22 08:16:14.230,1.5808,1.5814,1.00,3.40
2009.06.22 08:16:15.690,1.5808,1.5814,1.60,3.40
2009.06.22 08:16:15.870,1.5808,1.58145,1.60,6.60
2009.06.22 08:16:16.050,1.58085,1.58145,1.60,6.60
2009.06.22 08:16:16.610,1.58085,1.58145,1.60,5.00
2009.06.22 08:16:19.079,1.5809,1.58145,1.60,5.00
2009.06.22 08:16:19.309,1.5809,1.58145,1.60,1.60
2009.06.22 08:16:19.929,1.5809,1.58145,1.60,1.60
2009.06.22 08:16:20.169,1.5809,1.5815,1.60,1.60
2009.06.22 08:16:31.376,1.5809,1.58145,1.00,3.40
2009.06.22 08:16:32.176,1.58085,1.58145,1.60,3.40
2009.06.22 08:16:32.466,1.5808,1.58145,3.20,3.40
2009.06.22 08:16:32.696,1.58085,1.58145,1.60,5.00
2009.06.22 08:16:33.096,1.58075,1.5814,3.20,3.40
2009.06.22 08:16:33.276,1.58075,1.5814,1.60,5.00
2009.06.22 08:16:34.135,1.58075,1.58135,1.60,5.00
2009.06.22 08:16:34.535,1.58075,1.58135,1.60,1.60
2009.06.22 08:16:34.655,1.58075,1.5814,1.60,6.60
2009.06.22 08:16:35.295,1.58075,1.5814,1.60,5.00
2009.06.22 08:16:41.524,1.58075,1.58135,1.60,1.60
2009.06.22 08:16:41.814,1.58075,1.58135,1.60,5.00
2009.06.22 08:16:42.164,1.58075,1.58135,1.00,5.00
2009.06.22 08:16:45.323,1.58075,1.58135,1.00,1.60
2009.06.22 08:16:45.543,1.58075,1.5814,1.60,5.00
2009.06.22 08:16:46.183,1.5808,1.5814,1.60,5.00
2009.06.22 08:16:46.413,1.5808,1.58145,1.60,6.60
2009.06.22 08:16:46.702,1.5808,1.58145,3.20,5.00
2009.06.22 08:16:46.922,1.5808,1.5814,1.60,3.40
2009.06.22 08:16:47.272,1.5808,1.5814,1.00,3.40
2009.06.22 08:16:48.692,1.5808,1.5814,1.60,3.40
2009.06.22 08:16:48.932,1.5808,1.58145,1.60,6.60
2009.06.22 08:16:49.262,1.5808,1.58145,3.20,5.00
2009.06.22 08:16:58.780,1.58085,1.58145,1.60,5.00
2009.06.22 08:16:58.899,1.5808,1.58145,3.20,5.00
2009.06.22 08:17:03.028,1.5808,1.5814,1.60,3.40
2009.06.22 08:17:03.508,1.5808,1.58145,3.20,5.00
2009.06.22 08:17:04.258,1.58085,1.58145,1.60,5.00
2009.06.22 08:17:05.828,1.5808,1.58145,3.20,5.00
2009.06.22 08:17:14.815,1.58085,1.58145,1.60,5.00
2009.06.22 08:17:16.875,1.58085,1.5814,1.60,3.40
2009.06.22 08:17:17.055,1.5808,1.5814,1.60,3.40
2009.06.22 08:17:17.385,1.5808,1.5814,1.00,3.40
2009.06.22 08:17:19.175,1.58085,1.58145,1.00,17.80
2009.06.22 08:17:19.384,1.58085,1.58145,1.00,5.00
2009.06.22 08:17:19.675,1.58085,1.5814,1.60,3.40
2009.06.22 08:17:20.034,1.5808,1.5814,1.00,3.40
2009.06.22 08:17:21.934,1.5808,1.58135,1.00,3.40
2009.06.22 08:17:22.854,1.58105,1.5814,1.60,1.60
2009.06.22 08:17:23.414,1.58105,1.58185,1.60,1.60
2009.06.22 08:17:24.113,1.5811,1.58185,2.40,1.60
2009.06.22 08:17:24.333,1.5811,1.5819,9.60,8.00
2009.06.22 08:17:24.513,1.58105,1.5818,5.60,8.00
2009.06.22 08:17:25.023,1.58105,1.58175,4.00,2.80
2009.06.22 08:17:28.142,1.58095,1.5817,1.60,11.40
2009.06.22 08:17:28.262,1.58095,1.5817,1.60,16.20
2009.06.22 08:17:29.452,1.58105,1.5817,1.60,16.20
2009.06.22 08:17:29.732,1.58105,1.5817,1.60,12.80
2009.06.22 08:17:30.142,1.58095,1.5817,3.20,16.20
2009.06.22 08:17:30.442,1.5811,1.5817,1.60,5.00
2009.06.22 08:17:30.612,1.5811,1.5817,1.60,1.60
2009.06.22 08:17:30.832,1.58115,1.58175,1.00,12.80
2009.06.22 08:17:31.242,1.5812,1.5818,1.00,12.80
2009.06.22 08:17:31.412,1.5812,1.5818,1.00,11.20
2009.06.22 08:17:31.582,1.5812,1.58185,1.00,17.80
2009.06.22 08:17:34.411,1.5812,1.5818,1.00,1.60
2009.06.22 08:17:35.821,1.58115,1.5818,1.60,1.60
2009.06.22 08:17:36.121,1.58115,1.5818,1.60,3.20
2009.06.22 08:17:36.180,1.58115,1.5818,1.00,3.20
2009.06.22 08:17:43.599,1.58115,1.5818,1.00,1.60
2009.06.22 08:17:45.808,1.5812,1.5818,1.00,1.60
2009.06.22 08:17:46.218,1.5811,1.58175,1.60,3.40
2009.06.22 08:17:46.388,1.58115,1.58175,1.60,3.40
2009.06.22 08:17:46.438,1.58115,1.5818,1.60,12.80
2009.06.22 08:17:46.818,1.58115,1.58175,1.60,1.60
2009.06.22 08:17:47.278,1.58105,1.58185,3.40,14.60
2009.06.22 08:17:47.568,1.5811,1.58175,8.00,1.00
2009.06.22 08:17:47.898,1.581,1.58175,11.40,1.00
2009.06.22 08:17:48.297,1.58105,1.58175,1.00,12.80
2009.06.22 08:17:48.758,1.58105,1.58175,1.80,9.60
2009.06.22 08:17:48.978,1.58105,1.5818,1.80,1.60
2009.06.22 08:17:49.197,1.58105,1.5819,1.80,2.80
2009.06.22 08:17:49.417,1.58105,1.58185,8.20,11.20
2009.06.22 08:17:49.597,1.58105,1.58185,8.20,14.60
2009.06.22 08:17:49.817,1.58105,1.5818,1.00,12.80
2009.06.22 08:17:50.407,1.58105,1.5818,1.00,9.60
2009.06.22 08:17:50.747,1.58105,1.58175,1.60,11.20
2009.06.22 08:17:51.127,1.58105,1.58175,1.60,8.00
2009.06.22 08:17:51.357,1.58105,1.5818,1.60,11.20
2009.06.22 08:17:51.577,1.581,1.58175,13.80,3.40
2009.06.22 08:17:51.897,1.581,1.58175,12.20,5.00
2009.06.22 08:17:57.115,1.581,1.58175,12.20,3.40
2009.06.22 08:17:58.965,1.581,1.58175,12.20,5.00
2009.06.22 08:18:01.324,1.581,1.58175,10.60,5.00
2009.06.22 08:18:01.544,1.581,1.58175,8.20,5.00
2009.06.22 08:18:01.664,1.58095,1.5817,9.60,1.00
2009.06.22 08:18:02.004,1.58095,1.58165,1.60,3.40
2009.06.22 08:18:02.344,1.581,1.58175,4.00,7.60
2009.06.22 08:18:02.584,1.581,1.5817,4.00,12.80
2009.06.22 08:18:02.874,1.58105,1.5818,4.00,18.80
2009.06.22 08:18:03.224,1.58105,1.5818,4.00,16.20
2009.06.22 08:18:03.894,1.58105,1.5818,4.00,5.00
2009.06.22 08:18:06.313,1.58105,1.58175,1.60,5.00
2009.06.22 08:18:06.423,1.58105,1.58175,4.00,1.60
2009.06.22 08:18:06.773,1.58105,1.5818,4.00,9.80
2009.06.22 08:18:06.933,1.58105,1.5818,4.00,6.60
2009.06.22 08:18:07.813,1.58105,1.5818,2.40,6.60
2009.06.22 08:18:11.512,1.58105,1.58175,4.00,11.20
2009.06.22 08:18:12.062,1.58105,1.5818,4.00,5.00
2009.06.22 08:18:12.282,1.58105,1.5818,4.00,5.00
2009.06.22 08:18:21.879,1.58105,1.5817,4.00,1.60
2009.06.22 08:18:22.289,1.58095,1.5817,14.20,5.00
2009.06.22 08:18:22.689,1.58095,1.5817,11.20,3.40
2009.06.22 08:18:22.859,1.58095,1.5817,9.60,5.00
2009.06.22 08:18:22.979,1.58095,1.5817,1.60,5.00
2009.06.22 08:18:23.479,1.58105,1.5817,1.60,5.00
2009.06.22 08:18:23.819,1.581,1.5817,4.00,1.60
2009.06.22 08:18:24.159,1.581,1.58175,5.60,3.40
2009.06.22 08:18:24.509,1.581,1.58175,4.00,5.00
2009.06.22 08:18:26.338,1.581,1.58175,12.20,5.00
2009.06.22 08:18:27.638,1.581,1.58175,4.00,5.00
2009.06.22 08:18:28.898,1.581,1.58175,4.00,16.20
2009.06.22 08:18:29.348,1.581,1.58175,4.00,13.00
2009.06.22 08:18:29.568,1.581,1.58175,4.00,5.00
2009.06.22 08:18:30.017,1.581,1.58175,4.00,16.20
2009.06.22 08:18:30.317,1.581,1.58175,4.00,5.00
2009.06.22 08:18:34.296,1.58105,1.58175,1.60,1.60
2009.06.22 08:18:35.206,1.58105,1.5818,1.60,11.20
2009.06.22 08:18:37.336,1.5811,1.5818,1.60,11.20
2009.06.22 08:18:37.696,1.5811,1.5818,1.60,8.00
2009.06.22 08:18:37.916,1.5811,1.5819,1.60,6.40
2009.06.22 08:18:38.156,1.5811,1.5818,8.00,3.40
2009.06.22 08:18:38.485,1.5811,1.5818,1.60,3.40
2009.06.22 08:18:38.715,1.5811,1.5818,1.60,1.60
2009.06.22 08:18:39.055,1.5811,1.5818,1.60,11.20
2009.06.22 08:18:39.395,1.5811,1.58185,1.60,5.00
2009.06.22 08:18:40.205,1.58115,1.58185,4.00,1.60
2009.06.22 08:18:40.545,1.58115,1.5819,4.00,5.00
2009.06.22 08:18:41.005,1.58125,1.5819,4.00,1.60
2009.06.22 08:18:41.295,1.5812,1.58195,1.60,2.80
2009.06.22 08:18:41.515,1.58115,1.5819,4.60,5.00
2009.06.22 08:18:41.815,1.58115,1.58185,11.00,2.80
2009.06.22 08:18:42.154,1.58125,1.58185,8.00,2.80
2009.06.22 08:18:42.494,1.5811,1.58185,4.00,2.80
2009.06.22 08:18:42.844,1.5811,1.5819,4.00,9.60
2009.06.22 08:18:43.074,1.5811,1.58185,4.00,3.20
2009.06.22 08:18:43.304,1.5811,1.58185,4.00,1.60
2009.06.22 08:18:48.523,1.5812,1.58195,3.20,2.80
2009.06.22 08:18:48.753,1.5813,1.58195,1.60,2.80
2009.06.22 08:18:48.993,1.5813,1.582,1.60,2.80
2009.06.22 08:18:49.763,1.5813,1.58205,1.60,9.60
2009.06.22 08:18:52.682,1.5813,1.582,1.60,1.60
2009.06.22 08:18:53.993,1.5813,1.582,1.60,1.60
2009.06.22 08:18:54.171,1.5813,1.58205,1.60,5.00
2009.06.22 08:18:54.402,1.5813,1.582,1.60,1.60
2009.06.22 08:18:54.581,1.5813,1.58205,1.60,5.00
2009.06.22 08:18:55.141,1.5813,1.582,1.60,1.60
2009.06.22 08:18:57.051,1.5813,1.582,1.60,5.00
2009.06.22 08:18:57.391,1.58125,1.582,1.60,5.00
2009.06.22 08:18:57.791,1.58125,1.58185,1.60,3.20
2009.06.22 08:18:57.911,1.58125,1.58185,1.60,8.00
2009.06.22 08:18:58.141,1.58125,1.5819,1.60,11.20
2009.06.22 08:18:58.251,1.5813,1.5819,1.60,11.20
2009.06.22 08:18:58.720,1.58125,1.5819,1.60,11.20
2009.06.22 08:18:58.831,1.58125,1.582,1.60,2.80
2009.06.22 08:18:59.001,1.58125,1.582,1.60,6.40
2009.06.22 08:18:59.350,1.58125,1.582,1.60,14.00
2009.06.22 08:18:59.690,1.58125,1.582,1.60,7.60
2009.06.22 08:19:00.030,1.58125,1.582,1.60,2.80
2009.06.22 08:19:00.790,1.5813,1.582,1.60,2.80
2009.06.22 08:19:01.720,1.58125,1.5819,1.60,3.40
2009.06.22 08:19:01.900,1.58125,1.582,1.60,22.40
2009.06.22 08:19:02.180,1.58125,1.5819,1.60,3.20
2009.06.22 08:19:02.469,1.58125,1.5819,1.60,1.60
2009.06.22 08:19:03.809,1.5812,1.5819,2.40,1.60
2009.06.22 08:19:03.919,1.58115,1.5819,4.00,5.00
2009.06.22 08:19:06.049,1.5813,1.58195,1.60,16.20
2009.06.22 08:19:06.379,1.58125,1.58195,1.60,12.80
2009.06.22 08:19:06.649,1.58135,1.58195,1.60,12.80
2009.06.22 08:19:06.819,1.5813,1.58195,1.60,11.20
2009.06.22 08:19:06.999,1.5813,1.58195,4.00,11.20
2009.06.22 08:19:07.279,1.58135,1.58205,1.60,2.80
2009.06.22 08:19:08.648,1.5813,1.58205,1.60,8.00
2009.06.22 08:19:08.768,1.5813,1.58205,1.60,9.60
2009.06.22 08:19:08.938,1.5813,1.582,1.60,2.80
2009.06.22 08:19:10.628,1.5813,1.582,1.60,1.60
2009.06.22 08:19:11.268,1.58135,1.58205,1.60,2.80
2009.06.22 08:19:11.378,1.5813,1.582,2.40,1.60
2009.06.22 08:19:11.498,1.5813,1.58205,2.40,4.40
2009.06.22 08:19:12.007,1.58135,1.58195,8.00,2.80
2009.06.22 08:19:12.357,1.5812,1.58195,1.60,2.80
2009.06.22 08:19:18.656,1.58115,1.58195,4.00,2.80
2009.06.22 08:19:18.886,1.58115,1.58195,1.60,6.40
2009.06.22 08:19:20.445,1.5811,1.58195,1.60,6.40
2009.06.22 08:19:20.735,1.58105,1.58185,1.60,14.60
2009.06.22 08:19:21.015,1.5811,1.5819,1.60,8.00
2009.06.22 08:19:22.165,1.5811,1.5819,1.60,6.40
2009.06.22 08:19:22.675,1.58105,1.5818,1.60,3.40
2009.06.22 08:19:22.965,1.58105,1.5818,1.60,11.20
2009.06.22 08:19:23.255,1.58105,1.5818,1.60,20.80
2009.06.22 08:19:24.054,1.58105,1.58175,1.60,2.80
2009.06.22 08:19:24.444,1.58105,1.58175,1.60,1.60
2009.06.22 08:19:24.614,1.58105,1.5818,1.60,20.80
2009.06.22 08:19:24.784,1.581,1.5818,12.00,24.00
2009.06.22 08:19:25.064,1.581,1.5817,9.60,5.00
2009.06.22 08:19:25.235,1.581,1.5817,1.00,5.00
2009.06.22 08:19:25.464,1.58095,1.5817,4.00,6.60
2009.06.22 08:19:25.964,1.5809,1.5816,1.80,3.40
2009.06.22 08:19:26.384,1.58085,1.5816,1.80,3.40
2009.06.22 08:19:26.564,1.58085,1.5816,1.80,4.80
2009.06.22 08:19:26.724,1.5808,1.58155,13.00,3.20
2009.06.22 08:19:26.904,1.5809,1.58155,1.60,3.20
2009.06.22 08:19:27.064,1.5809,1.5816,1.60,12.80
2009.06.22 08:19:27.234,1.5809,1.5816,1.60,1.60
2009.06.22 08:19:27.824,1.5809,1.58165,1.60,5.00
2009.06.22 08:19:28.643,1.58085,1.58165,2.40,5.00
2009.06.22 08:19:28.753,1.5808,1.58155,14.00,3.40
2009.06.22 08:19:28.864,1.5809,1.58155,8.00,3.40
2009.06.22 08:19:29.203,1.5809,1.58155,8.00,5.00
2009.06.22 08:19:29.323,1.5809,1.58155,8.00,5.00
2009.06.22 08:19:29.603,1.5809,1.58155,8.00,6.60
2009.06.22 08:19:29.903,1.58085,1.58155,1.00,6.60
2009.06.22 08:19:33.242,1.5809,1.58155,1.60,6.60
2009.06.22 08:19:33.422,1.5809,1.58155,1.60,3.20
2009.06.22 08:19:33.482,1.58085,1.58155,2.40,3.20
2009.06.22 08:19:33.592,1.58085,1.58155,1.60,6.60
2009.06.22 08:19:33.762,1.58085,1.58155,1.00,6.60
2009.06.22 08:19:35.152,1.5808,1.58155,4.00,6.60
2009.06.22 08:19:35.322,1.5809,1.58155,1.60,1.60
2009.06.22 08:19:35.832,1.5809,1.5816,1.60,14.40
2009.06.22 08:19:36.391,1.5809,1.5816,1.60,2.80
2009.06.22 08:19:42.520,1.58095,1.5816,1.60,12.80
2009.06.22 08:19:42.790,1.58095,1.58165,1.60,4.40
2009.06.22 08:19:43.030,1.5809,1.5816,1.60,2.80
2009.06.22 08:19:43.320,1.5809,1.58155,1.60,3.40
2009.06.22 08:19:43.670,1.58085,1.5815,1.60,1.60
2009.06.22 08:19:43.910,1.58085,1.5815,1.00,1.60
2009.06.22 08:19:44.190,1.5808,1.5815,4.00,1.60
2009.06.22 08:19:44.470,1.58075,1.5815,3.20,7.60
2009.06.22 08:19:44.700,1.58075,1.58135,1.60,1.60
2009.06.22 08:19:44.999,1.5807,1.5814,1.60,5.00
2009.06.22 08:19:45.299,1.58075,1.58135,1.00,12.80
2009.06.22 08:19:45.519,1.58075,1.58135,1.00,14.40
2009.06.22 08:19:46.179,1.58075,1.58135,1.00,8.00
2009.06.22 08:19:46.569,1.58075,1.5814,1.00,3.20
2009.06.22 08:19:47.049,1.58075,1.58135,1.00,1.60
2009.06.22 08:19:47.169,1.5807,1.58135,1.60,1.60
2009.06.22 08:19:47.469,1.5807,1.58135,1.60,3.20
2009.06.22 08:19:47.819,1.5807,1.58135,1.00,14.40
2009.06.22 08:19:48.519,1.58075,1.58135,1.60,3.20
2009.06.22 08:19:48.859,1.58075,1.58135,1.60,1.60
2009.06.22 08:19:49.318,1.58075,1.58135,1.60,1.60
2009.06.22 08:19:49.488,1.5807,1.58135,11.20,1.60
2009.06.22 08:19:49.868,1.5807,1.5814,1.60,8.00
2009.06.22 08:19:50.218,1.5807,1.58135,1.60,1.60
2009.06.22 08:19:52.498,1.58065,1.58135,2.40,1.60
2009.06.22 08:19:52.848,1.5807,1.58135,1.60,12.80
2009.06.22 08:19:53.017,1.5807,1.58125,1.60,1.60
2009.06.22 08:19:53.178,1.5807,1.58135,1.60,6.40
2009.06.22 08:19:53.357,1.5807,1.58135,1.60,3.20
2009.06.22 08:19:54.557,1.5807,1.58135,1.60,3.20
2009.06.22 08:19:54.897,1.5807,1.58135,1.60,1.60
2009.06.22 08:19:55.127,1.5807,1.58135,1.60,3.20
2009.06.22 08:19:55.757,1.58075,1.58135,1.00,3.20
2009.06.22 08:19:56.097,1.58075,1.58135,1.00,1.60
2009.06.22 08:19:56.447,1.58075,1.5814,1.00,17.80
2009.06.22 08:19:57.006,1.58085,1.5814,1.60,17.80
2009.06.22 08:19:57.306,1.58085,1.5814,1.60,12.80
2009.06.22 08:19:57.586,1.58085,1.5815,1.60,1.60
2009.06.22 08:19:58.646,1.58085,1.58155,1.60,19.20
2009.06.22 08:19:58.806,1.58085,1.58155,1.60,22.40
2009.06.22 08:19:58.916,1.58075,1.5814,9.60,3.40
2009.06.22 08:19:59.316,1.58075,1.5814,1.60,14.60
2009.06.22 08:19:59.426,1.58075,1.5814,1.00,16.20
2009.06.22 08:19:59.996,1.5807,1.5814,1.60,16.20
2009.06.22 08:20:00.106,1.58075,1.5814,1.00,16.20
2009.06.22 08:20:00.346,1.5808,1.5814,1.60,12.80
2009.06.22 08:20:00.526,1.58075,1.5814,1.60,9.60
2009.06.22 08:20:00.746,1.58075,1.58145,1.60,16.20
2009.06.22 08:20:00.906,1.58075,1.5814,1.60,1.60
2009.06.22 08:20:01.136,1.5808,1.5814,1.00,1.60
2009.06.22 08:20:01.406,1.58075,1.5814,9.60,3.40
2009.06.22 08:20:01.686,1.58075,1.5814,8.00,6.60
2009.06.22 08:20:01.965,1.5807,1.58145,3.20,9.60
2009.06.22 08:20:02.315,1.5807,1.5814,3.20,1.60
2009.06.22 08:20:02.655,1.58075,1.58135,1.60,3.40
2009.06.22 08:20:03.005,1.58075,1.5813,1.60,1.60
2009.06.22 08:20:03.345,1.58075,1.5813,1.60,5.00
2009.06.22 08:20:03.685,1.58075,1.58125,1.60,5.00
2009.06.22 08:20:03.965,1.58065,1.58125,1.60,6.60
2009.06.22 08:20:05.704,1.58065,1.5812,1.60,1.60
2009.06.22 08:20:06.094,1.58065,1.5812,1.60,3.20
2009.06.22 08:20:07.734,1.58065,1.5812,1.60,1.60
2009.06.22 08:20:08.024,1.5807,1.58125,1.60,1.60
2009.06.22 08:20:09.513,1.58065,1.58125,1.60,5.00
2009.06.22 08:20:10.083,1.5805,1.5812,3.20,1.60
2009.06.22 08:20:12.623,1.5805,1.58125,3.20,16.20
2009.06.22 08:20:14.383,1.5806,1.58125,1.60,12.80
2009.06.22 08:20:14.662,1.58065,1.58125,1.60,12.80
2009.06.22 08:20:15.003,1.5807,1.58125,1.60,1.60
2009.06.22 08:20:15.292,1.58065,1.58125,1.60,1.60
2009.06.22 08:20:15.692,1.58065,1.5813,1.60,6.60
2009.06.22 08:20:16.372,1.5807,1.5813,1.60,8.00
2009.06.22 08:20:16.602,1.58055,1.5813,3.20,8.00
2009.06.22 08:20:17.411,1.58055,1.5813,3.20,6.40
2009.06.22 08:20:17.821,1.5806,1.5813,1.60,17.80
2009.06.22 08:20:18.111,1.58065,1.5813,1.60,17.80
2009.06.22 08:20:18.981,1.58065,1.5813,1.60,9.80
2009.06.22 08:20:19.101,1.58065,1.5813,1.60,6.60
2009.06.22 08:20:19.791,1.58065,1.5813,1.60,17.80
2009.06.22 08:20:20.411,1.58065,1.5813,1.60,6.60
2009.06.22 08:20:21.061,1.5806,1.5813,3.20,6.60
2009.06.22 08:20:21.351,1.5807,1.5813,1.60,6.60
2009.06.22 08:20:21.571,1.58075,1.5813,1.60,5.00
2009.06.22 08:20:21.741,1.5807,1.5813,1.60,5.00
2009.06.22 08:20:22.061,1.5807,1.58125,1.60,3.40
2009.06.22 08:20:22.230,1.58065,1.5812,1.60,1.60
2009.06.22 08:20:22.870,1.58065,1.5812,1.60,3.20
2009.06.22 08:20:23.530,1.5806,1.5812,1.60,3.20
2009.06.22 08:20:25.819,1.5806,1.5812,1.60,1.60
2009.06.22 08:20:26.809,1.5806,1.58125,1.60,1.60
2009.06.22 08:20:27.899,1.58055,1.58125,3.20,1.60
2009.06.22 08:20:28.539,1.5806,1.58125,1.60,1.60
2009.06.22 08:20:28.919,1.5806,1.58125,3.20,3.20
2009.06.22 08:20:29.139,1.58075,1.5813,1.60,5.00
2009.06.22 08:20:29.369,1.5807,1.5813,1.60,5.00
2009.06.22 08:20:29.539,1.58065,1.5813,1.60,5.00
2009.06.22 08:20:29.719,1.58065,1.5813,1.60,6.60
2009.06.22 08:20:30.068,1.58055,1.5813,3.20,6.60
2009.06.22 08:20:31.618,1.58055,1.58125,3.20,1.60
2009.06.22 08:20:33.128,1.5806,1.58125,1.60,1.60
2009.06.22 08:20:33.748,1.58055,1.58125,3.20,1.60
2009.06.22 08:20:33.867,1.58055,1.5813,3.20,5.00
2009.06.22 08:20:34.148,1.58055,1.58125,3.20,1.60
2009.06.22 08:20:36.067,1.5806,1.58125,1.60,3.20
2009.06.22 08:20:36.467,1.58075,1.58125,1.60,1.60
2009.06.22 08:20:36.937,1.58075,1.5813,1.60,14.60
2009.06.22 08:20:37.047,1.58075,1.5813,1.60,17.80
2009.06.22 08:20:37.167,1.5806,1.5813,1.60,17.80
2009.06.22 08:20:39.616,1.5806,1.5813,1.60,20.80
2009.06.22 08:20:39.676,1.58055,1.5813,3.20,20.80
2009.06.22 08:20:40.716,1.5806,1.58125,1.60,1.60
2009.06.22 08:20:41.186,1.58075,1.58125,1.60,1.60
2009.06.22 08:20:41.606,1.58075,1.58125,1.60,5.00
2009.06.22 08:20:41.776,1.58075,1.5812,1.60,1.60
2009.06.22 08:20:42.116,1.58065,1.5812,1.60,1.60
2009.06.22 08:20:42.575,1.5806,1.5812,1.60,3.20
2009.06.22 08:20:54.243,1.58075,1.5813,1.60,8.20
2009.06.22 08:20:54.573,1.58065,1.58125,1.60,1.60
2009.06.22 08:21:03.150,1.5806,1.58125,3.20,1.60
2009.06.22 08:21:03.380,1.58065,1.58125,1.60,1.60
2009.06.22 08:21:04.060,1.5806,1.58125,3.20,1.60
2009.06.22 08:21:04.240,1.58075,1.58135,1.60,12.80
2009.06.22 08:21:05.610,1.58075,1.5813,1.60,3.20
2009.06.22 08:21:05.940,1.5807,1.5813,1.60,3.20
2009.06.22 08:21:06.440,1.58075,1.5813,1.60,3.20
2009.06.22 08:21:06.780,1.58075,1.5813,1.60,5.00
2009.06.22 08:21:07.120,1.58075,1.5813,1.60,1.60
2009.06.22 08:21:07.409,1.5805,1.58115,9.60,3.40
2009.06.22 08:21:07.689,1.5805,1.58115,8.00,1.60
2009.06.22 08:21:08.080,1.5803,1.5811,1.80,12.80
2009.06.22 08:21:08.300,1.58035,1.5811,1.60,12.80
2009.06.22 08:21:08.579,1.58035,1.5811,1.60,1.60
2009.06.22 08:21:08.819,1.58035,1.5811,1.60,2.80
2009.06.22 08:21:09.219,1.58035,1.58105,9.60,2.80
2009.06.22 08:21:09.329,1.5803,1.58105,1.60,2.80
2009.06.22 08:21:09.729,1.58035,1.58105,1.60,2.80
2009.06.22 08:21:11.998,1.5804,1.58105,1.60,2.80
2009.06.22 08:21:12.218,1.5804,1.5811,1.60,2.80
2009.06.22 08:21:12.968,1.5804,1.58115,1.60,2.80
2009.06.22 08:21:13.958,1.5804,1.5811,1.60,2.80
2009.06.22 08:21:14.178,1.58035,1.5811,1.60,2.80
2009.06.22 08:21:19.117,1.5804,1.5811,1.60,2.80
2009.06.22 08:21:19.286,1.58035,1.5811,1.60,2.80
2009.06.22 08:21:21.886,1.5803,1.5811,9.60,2.80
2009.06.22 08:21:22.066,1.58035,1.5811,1.60,2.80
2009.06.22 08:21:22.296,1.5803,1.5811,1.60,2.80
2009.06.22 08:21:23.926,1.58035,1.5811,1.60,2.80
2009.06.22 08:21:23.985,1.58035,1.5811,1.60,4.40
2009.06.22 08:21:24.265,1.58035,1.5811,1.60,2.80
2009.06.22 08:21:28.354,1.5804,1.58115,4.00,2.80
2009.06.22 08:21:29.504,1.5804,1.58115,1.60,2.80
2009.06.22 08:21:29.744,1.5804,1.5812,1.60,2.80
2009.06.22 08:21:30.354,1.5804,1.58115,1.60,2.80
2009.06.22 08:21:31.714,1.58045,1.5811,1.60,2.80
2009.06.22 08:21:32.013,1.5804,1.5811,2.40,2.80
2009.06.22 08:21:32.354,1.5803,1.5811,3.20,2.80
2009.06.22 08:21:32.584,1.5803,1.58105,1.60,12.80
2009.06.22 08:21:32.874,1.5803,1.581,1.60,3.20
2009.06.22 08:21:33.103,1.5803,1.5811,1.60,4.40
2009.06.22 08:21:36.143,1.5803,1.58105,1.60,2.80
2009.06.22 08:21:36.823,1.58035,1.58105,1.60,2.80
2009.06.22 08:21:37.282,1.5803,1.58105,4.00,2.80
2009.06.22 08:21:37.462,1.58035,1.58105,1.60,2.80
2009.06.22 08:21:37.692,1.58035,1.5811,1.60,2.80
2009.06.22 08:21:41.031,1.5803,1.5811,1.60,2.80
2009.06.22 08:21:41.261,1.5803,1.58105,1.80,11.20
2009.06.22 08:21:41.491,1.5803,1.58105,1.80,3.20
2009.06.22 08:21:41.661,1.5803,1.5811,1.80,12.80
2009.06.22 08:21:43.081,1.5803,1.58115,1.60,4.40
2009.06.22 08:21:43.781,1.5804,1.58115,1.60,4.40
2009.06.22 08:21:43.901,1.5804,1.5811,1.60,12.80
2009.06.22 08:21:44.061,1.58035,1.5811,1.60,1.60
2009.06.22 08:21:44.221,1.58035,1.58115,1.60,2.80
2009.06.22 08:21:44.521,1.58035,1.58115,1.60,2.80
2009.06.22 08:21:44.640,1.5803,1.5811,1.80,1.60
2009.06.22 08:21:45.051,1.58035,1.58115,1.60,4.40
2009.06.22 08:21:45.331,1.58035,1.58105,1.60,1.60
2009.06.22 08:21:45.570,1.58035,1.58115,1.60,4.40
2009.06.22 08:21:47.250,1.58035,1.58115,1.60,2.80
2009.06.22 08:21:47.880,1.58035,1.58115,1.60,2.80
2009.06.22 08:21:49.469,1.5803,1.5811,1.80,11.20
2009.06.22 08:21:49.690,1.5803,1.58115,1.60,2.80
2009.06.22 08:21:49.800,1.5803,1.58115,1.60,15.60
2009.06.22 08:21:53.648,1.58035,1.58115,1.60,15.60
2009.06.22 08:21:53.819,1.58035,1.58105,1.60,11.20
2009.06.22 08:21:54.178,1.58035,1.58115,1.60,14.00
2009.06.22 08:21:55.518,1.5803,1.58105,1.80,11.20
2009.06.22 08:21:58.517,1.5803,1.5811,1.60,2.80
2009.06.22 08:21:59.847,1.5803,1.58105,1.60,11.20
2009.06.22 08:21:59.907,1.5803,1.58105,1.60,2.80
2009.06.22 08:22:00.307,1.5802,1.581,9.60,11.20
2009.06.22 08:22:00.537,1.5802,1.5809,1.60,11.20
2009.06.22 08:22:00.826,1.5802,1.58095,1.60,11.20
2009.06.22 08:22:01.097,1.58015,1.581,1.80,2.80
2009.06.22 08:22:01.336,1.5803,1.5809,4.00,8.00
2009.06.22 08:22:01.447,1.58035,1.5809,2.40,11.20
2009.06.22 08:22:01.827,1.58035,1.5809,4.00,3.20
2009.06.22 08:22:02.176,1.5804,1.58095,1.60,11.20
2009.06.22 08:22:02.526,1.5805,1.58095,4.00,8.00
2009.06.22 08:22:03.016,1.5805,1.5811,4.00,1.60
2009.06.22 08:22:05.475,1.58045,1.581,1.60,3.40
2009.06.22 08:22:05.705,1.58045,1.581,4.00,12.80
2009.06.22 08:22:05.875,1.58035,1.58095,4.20,1.60
2009.06.22 08:22:06.095,1.58045,1.5812,4.00,11.20
2009.06.22 08:22:06.265,1.58045,1.58115,4.00,12.80
2009.06.22 08:22:06.495,1.58045,1.58125,4.00,9.60
2009.06.22 08:22:07.855,1.58045,1.5812,4.00,6.00
2009.06.22 08:22:08.185,1.58045,1.5812,4.00,4.40
2009.06.22 08:22:09.314,1.5805,1.58115,2.40,12.80
2009.06.22 08:22:09.494,1.5805,1.58115,2.40,1.60
2009.06.22 08:22:11.544,1.58045,1.5812,4.00,4.40
2009.06.22 08:22:11.944,1.58045,1.58115,4.00,2.80
2009.06.22 08:22:12.114,1.58045,1.58115,4.00,6.00
2009.06.22 08:22:12.345,1.5804,1.58105,4.00,1.60
2009.06.22 08:22:13.034,1.5804,1.5811,4.00,4.40
2009.06.22 08:22:13.374,1.58035,1.58095,9.60,1.60
2009.06.22 08:22:13.715,1.5803,1.58085,8.00,3.40
2009.06.22 08:22:13.944,1.5802,1.58095,1.60,6.00
2009.06.22 08:22:14.164,1.5803,1.5809,1.60,1.60
2009.06.22 08:22:14.393,1.58045,1.5808,1.60,1.60
2009.06.22 08:22:14.744,1.5803,1.5808,1.60,1.00
2009.06.22 08:22:15.094,1.5803,1.58105,1.60,2.80
2009.06.22 08:22:15.893,1.5803,1.5807,8.00,3.40
2009.06.22 08:22:16.243,1.5802,1.58065,4.00,11.20
2009.06.22 08:22:16.633,1.5804,1.5811,1.60,1.60
2009.06.22 08:22:16.853,1.58045,1.58115,1.60,1.60
2009.06.22 08:22:17.083,1.5804,1.5814,1.80,3.20
2009.06.22 08:22:17.303,1.5806,1.5815,8.00,2.80
2009.06.22 08:22:17.533,1.5806,1.58145,3.00,1.60
2009.06.22 08:22:17.753,1.5807,1.58125,3.00,1.00
2009.06.22 08:22:18.152,1.58065,1.58135,3.00,4.40
2009.06.22 08:22:18.612,1.5806,1.5813,3.00,1.60
2009.06.22 08:22:18.962,1.5806,1.58135,3.00,2.80
2009.06.22 08:22:19.262,1.58065,1.58135,3.00,2.80
2009.06.22 08:22:22.302,1.58035,1.58095,3.00,1.60
2009.06.22 08:22:22.602,1.5803,1.58095,7.20,1.60
2009.06.22 08:22:23.241,1.5804,1.581,4.00,1.60
2009.06.22 08:22:23.861,1.58045,1.58105,1.60,1.60
2009.06.22 08:22:24.741,1.5804,1.58105,4.00,1.60
2009.06.22 08:22:25.031,1.58055,1.58105,1.60,1.60
2009.06.22 08:22:25.261,1.58055,1.5811,1.60,3.20
2009.06.22 08:22:25.831,1.58055,1.5811,1.60,1.60
2009.06.22 08:22:26.740,1.5806,1.5811,2.40,1.60
2009.06.22 08:22:27.090,1.58065,1.5811,1.60,1.60
2009.06.22 08:22:27.440,1.58065,1.58115,1.60,3.20
2009.06.22 08:22:27.730,1.58065,1.58115,1.60,1.60
