2018.04.04 23:00:00.045,1.56788,1.56813,1.00,1.00
2018.04.04 23:00:00.180,1.56785,1.56812,1.50,1.00
2018.04.04 23:00:00.282,1.56788,1.56813,1.00,1.00
2018.04.04 23:00:00.587,1.56791,1.56813,1.25,1.00
2018.04.04 23:00:00.639,1.56789,1.56813,1.25,1.00
2018.04.04 23:00:01.050,1.5679,1.56815,1.25,1.00
2018.04.04 23:00:01.255,1.56788,1.56812,1.00,1.00
2018.04.04 23:00:01.307,1.56783,1.56812,1.50,1.00
2018.04.04 23:00:01.358,1.56789,1.56812,1.25,1.00
2018.04.04 23:00:01.679,1.56788,1.5681,1.25,1.00
2018.04.04 23:00:01.883,1.56783,1.56808,2.25,1.00
2018.04.04 23:00:01.933,1.56789,1.56808,1.25,1.00
2018.04.04 23:00:02.136,1.56789,1.56812,1.00,1.25
2018.04.04 23:00:02.657,1.5679,1.56812,1.00,1.00
2018.04.04 23:00:03.540,1.5679,1.56812,1.00,1.19
2018.04.04 23:00:04.483,1.56789,1.56811,1.00,1.50
2018.04.04 23:00:04.841,1.56783,1.56808,1.00,1.00
2018.04.04 23:00:11.419,1.56782,1.56808,1.00,1.00
2018.04.04 23:00:13.789,1.56782,1.56807,1.00,1.00
2018.04.04 23:00:14.462,1.56781,1.56807,1.00,1.00
2018.04.04 23:00:14.980,1.56782,1.56807,1.00,1.00
2018.04.04 23:00:15.424,1.5678,1.56805,1.50,1.00
2018.04.04 23:00:16.250,1.5678,1.56804,2.44,1.00
2018.04.04 23:00:17.466,1.56779,1.56804,1.50,1.00
2018.04.04 23:00:20.860,1.56782,1.56806,1.50,1.00
2018.04.04 23:00:21.065,1.56779,1.56804,1.50,1.00
2018.04.04 23:00:23.139,1.56779,1.56802,1.00,1.00
2018.04.04 23:00:29.068,1.56778,1.568,1.00,1.00
2018.04.04 23:00:29.120,1.56776,1.568,1.50,1.00
2018.04.04 23:00:29.171,1.56778,1.568,1.25,1.00
2018.04.04 23:00:32.081,1.56779,1.56803,1.00,1.50
2018.04.04 23:00:32.502,1.5678,1.56801,1.00,1.00
2018.04.04 23:00:37.856,1.56778,1.568,1.25,1.00
2018.04.04 23:00:37.958,1.5678,1.56799,1.25,1.50
2018.04.04 23:00:38.061,1.56778,1.56798,1.69,1.00
2018.04.04 23:00:38.214,1.56778,1.56796,1.00,1.00
2018.04.04 23:00:41.234,1.56778,1.56798,1.69,1.00
2018.04.04 23:00:41.731,1.56775,1.56798,2.81,1.00
2018.04.04 23:00:42.010,1.56775,1.56796,1.69,1.00
2018.04.04 23:00:42.671,1.56775,1.56795,1.69,1.00
2018.04.04 23:00:44.314,1.56777,1.56795,1.25,1.00
2018.04.04 23:00:46.789,1.56777,1.56796,1.25,1.00
2018.04.04 23:00:53.163,1.56777,1.56799,1.25,1.00
2018.04.04 23:00:53.215,1.56775,1.56799,1.00,1.00
2018.04.04 23:00:53.369,1.56776,1.56801,2.25,1.00
2018.04.04 23:00:53.472,1.56781,1.56801,1.25,1.50
2018.04.04 23:00:53.575,1.56777,1.56801,1.00,1.00
2018.04.04 23:00:53.780,1.5678,1.56799,1.25,1.00
2018.04.04 23:00:54.284,1.5678,1.56801,1.00,1.00
2018.04.04 23:00:55.683,1.5678,1.56802,1.00,1.00
2018.04.04 23:00:59.558,1.5678,1.56801,1.00,1.00
2018.04.04 23:00:59.660,1.56777,1.568,1.25,1.00
2018.04.04 23:00:59.762,1.56779,1.568,1.69,1.00
2018.04.04 23:01:01.186,1.56776,1.568,1.00,1.00
2018.04.04 23:01:01.371,1.56772,1.56795,1.00,2.25
2018.04.04 23:01:01.875,1.56771,1.56794,1.00,1.50
2018.04.04 23:01:07.022,1.5677,1.56794,1.00,1.50
2018.04.04 23:01:08.428,1.56771,1.56794,1.50,1.00
2018.04.04 23:01:08.790,1.56771,1.56796,1.00,1.00
2018.04.04 23:01:09.076,1.56769,1.56796,2.25,1.00
2018.04.04 23:01:11.767,1.56771,1.56796,1.69,1.00
2018.04.04 23:01:12.108,1.56773,1.56796,1.25,1.00
2018.04.04 23:01:12.771,1.56774,1.56796,1.00,1.00
2018.04.04 23:01:19.753,1.56774,1.56795,1.00,1.00
2018.04.04 23:01:20.410,1.56773,1.56795,1.25,1.00
2018.04.04 23:01:25.897,1.56773,1.5679,1.25,1.00
2018.04.04 23:01:25.999,1.56771,1.5679,1.50,1.00
2018.04.04 23:01:26.154,1.56771,1.56788,1.00,1.00
2018.04.04 23:01:26.601,1.56766,1.56787,1.50,1.00
2018.04.04 23:01:26.813,1.56766,1.56785,1.00,1.00
2018.04.04 23:01:26.865,1.56766,1.56787,1.00,1.00
2018.04.04 23:01:27.892,1.56766,1.56786,1.00,1.00
2018.04.04 23:01:31.024,1.56763,1.56787,1.00,1.00
2018.04.04 23:01:31.229,1.56764,1.56783,1.25,1.00
2018.04.04 23:01:31.281,1.56765,1.56785,1.00,1.00
2018.04.04 23:01:31.332,1.56772,1.56791,1.25,1.50
2018.04.04 23:01:31.648,1.56767,1.56789,1.00,1.00
2018.04.04 23:01:31.750,1.56771,1.56786,1.00,1.00
2018.04.04 23:01:31.955,1.56771,1.56788,1.00,1.00
2018.04.04 23:01:32.056,1.56767,1.56788,1.00,1.00
2018.04.04 23:01:32.107,1.56763,1.56788,1.00,1.00
2018.04.04 23:01:32.159,1.56768,1.56788,1.69,1.00
2018.04.04 23:01:32.943,1.56768,1.56787,1.69,1.00
2018.04.04 23:01:33.097,1.56765,1.56787,1.00,1.00
2018.04.04 23:01:33.646,1.56765,1.56786,1.00,1.00
2018.04.04 23:01:33.699,1.56763,1.56786,1.00,1.00
2018.04.04 23:01:34.011,1.56764,1.56788,1.00,1.00
2018.04.04 23:01:34.063,1.56771,1.56788,1.25,1.00
2018.04.04 23:01:34.658,1.56768,1.56786,1.69,1.00
2018.04.04 23:01:34.762,1.56766,1.56784,1.00,1.00
2018.04.04 23:01:34.814,1.56762,1.56782,1.00,1.00
2018.04.04 23:01:34.865,1.56759,1.56782,2.25,1.00
2018.04.04 23:01:35.658,1.56758,1.56782,1.50,1.00
2018.04.04 23:01:35.709,1.56764,1.56782,1.25,1.00
2018.04.04 23:01:36.136,1.56764,1.56785,1.69,1.00
2018.04.04 23:01:36.237,1.56761,1.56785,2.44,1.00
2018.04.04 23:01:36.288,1.56763,1.56785,1.00,1.00
2018.04.04 23:01:38.537,1.56763,1.56777,1.00,1.00
2018.04.04 23:01:38.590,1.56761,1.56778,1.00,1.00
2018.04.04 23:01:38.642,1.56755,1.56777,1.50,1.00
2018.04.04 23:01:38.899,1.56759,1.56777,1.25,1.00
2018.04.04 23:01:39.155,1.56754,1.56777,1.00,1.00
2018.04.04 23:01:40.387,1.56751,1.56773,2.44,1.00
2018.04.04 23:01:40.594,1.56748,1.56771,1.50,1.00
2018.04.04 23:01:41.366,1.56746,1.56769,1.69,1.00
2018.04.04 23:01:41.674,1.56749,1.56771,1.25,1.00
2018.04.04 23:01:42.006,1.56737,1.56759,1.69,1.00
2018.04.04 23:01:42.519,1.56736,1.56759,1.00,1.00
2018.04.04 23:01:45.466,1.56734,1.56757,1.00,1.00
2018.04.04 23:01:45.775,1.56739,1.5676,1.25,1.00
2018.04.04 23:01:46.034,1.56734,1.56757,1.69,1.00
2018.04.04 23:01:46.086,1.56733,1.56754,1.69,1.00
2018.04.04 23:01:46.138,1.56733,1.56756,1.69,1.00
2018.04.04 23:01:46.190,1.56736,1.56757,1.25,1.00
2018.04.04 23:01:46.878,1.56737,1.56757,1.25,1.00
2018.04.04 23:01:46.930,1.56737,1.5676,1.25,1.00
2018.04.04 23:01:47.235,1.56739,1.5676,1.25,1.00
2018.04.04 23:01:47.950,1.56737,1.5676,1.25,1.00
2018.04.04 23:01:48.895,1.56734,1.56755,1.37,1.00
2018.04.04 23:01:48.999,1.56733,1.56755,1.25,1.00
2018.04.04 23:01:49.103,1.5673,1.56753,1.00,1.00
2018.04.04 23:01:49.207,1.56735,1.56755,1.25,1.00
2018.04.04 23:01:49.523,1.56739,1.56756,1.25,1.00
2018.04.04 23:01:50.045,1.56738,1.56756,1.25,1.00
2018.04.04 23:01:50.097,1.56736,1.56756,1.25,1.00
2018.04.04 23:01:50.200,1.56734,1.56756,1.25,1.00
2018.04.04 23:01:50.460,1.56732,1.56756,3.00,1.00
2018.04.04 23:01:50.620,1.56734,1.56756,1.25,1.00
2018.04.04 23:01:50.671,1.56732,1.56756,1.00,1.00
2018.04.04 23:01:52.344,1.56734,1.56756,1.25,1.00
2018.04.04 23:01:55.662,1.56735,1.56756,1.25,1.00
2018.04.04 23:01:55.815,1.56732,1.56756,1.00,1.00
2018.04.04 23:01:56.230,1.56734,1.56756,1.25,1.00
2018.04.04 23:01:58.950,1.56732,1.56756,1.69,1.00
2018.04.04 23:02:02.289,1.56731,1.56756,1.50,1.00
2018.04.04 23:02:02.341,1.56731,1.56753,1.00,1.00
2018.04.04 23:02:02.392,1.56731,1.56755,1.50,1.00
2018.04.04 23:02:02.444,1.56734,1.56753,1.25,1.00
2018.04.04 23:02:02.546,1.56734,1.56755,1.25,1.00
2018.04.04 23:02:02.803,1.56734,1.56752,1.25,1.00
2018.04.04 23:02:02.855,1.56733,1.56756,1.25,1.00
2018.04.04 23:02:03.390,1.56734,1.56756,1.25,1.00
2018.04.04 23:02:04.062,1.56735,1.56756,1.25,1.00
2018.04.04 23:02:04.634,1.56733,1.56756,1.25,1.00
2018.04.04 23:02:05.196,1.56734,1.56756,1.25,1.00
2018.04.04 23:02:05.743,1.56733,1.56756,1.25,1.00
2018.04.04 23:02:06.455,1.56736,1.56756,1.25,1.00
2018.04.04 23:02:06.957,1.56736,1.56757,1.25,1.00
2018.04.04 23:02:07.008,1.56733,1.56757,1.69,1.00
2018.04.04 23:02:07.361,1.56737,1.5676,1.00,1.00
2018.04.04 23:02:07.516,1.5674,1.56764,1.69,1.00
2018.04.04 23:02:07.621,1.56743,1.56767,1.00,1.00
2018.04.04 23:02:07.964,1.56745,1.5677,1.87,1.00
2018.04.04 23:02:08.017,1.56748,1.56771,1.00,1.00
2018.04.04 23:02:08.380,1.56751,1.56773,1.25,1.00
2018.04.04 23:02:09.638,1.56748,1.56773,1.69,1.00
2018.04.04 23:02:10.891,1.56751,1.56773,1.25,1.00
2018.04.04 23:02:11.589,1.5675,1.56773,1.25,1.00
2018.04.04 23:02:11.640,1.56748,1.56773,1.69,1.00
2018.04.04 23:02:13.423,1.56749,1.56769,1.25,1.00
2018.04.04 23:02:13.527,1.56747,1.56769,1.25,1.00
2018.04.04 23:02:14.795,1.56746,1.56767,1.25,1.00
2018.04.04 23:02:14.897,1.56743,1.56765,1.00,1.00
2018.04.04 23:02:14.949,1.5674,1.56765,1.50,1.00
2018.04.04 23:02:15.476,1.5674,1.56764,1.50,1.00
2018.04.04 23:02:15.907,1.56738,1.5676,2.44,1.00
2018.04.04 23:02:16.166,1.56737,1.56762,1.00,1.00
2018.04.04 23:02:16.546,1.56741,1.56762,1.25,1.00
2018.04.04 23:02:16.751,1.56741,1.56764,1.25,1.00
2018.04.04 23:02:16.853,1.56746,1.56765,1.25,1.00
2018.04.04 23:02:16.956,1.56742,1.56767,3.19,1.00
2018.04.04 23:02:17.008,1.56744,1.56769,1.00,1.00
2018.04.04 23:02:17.333,1.56751,1.56772,1.25,1.00
2018.04.04 23:02:17.995,1.56752,1.56772,1.25,1.00
2018.04.04 23:02:18.633,1.56749,1.56772,1.25,1.00
2018.04.04 23:02:18.890,1.56752,1.56772,1.25,1.00
2018.04.04 23:02:21.275,1.56752,1.56775,1.25,1.00
2018.04.04 23:02:21.430,1.56757,1.56777,1.25,1.00
2018.04.04 23:02:22.584,1.56754,1.56777,1.69,1.00
2018.04.04 23:02:22.687,1.56752,1.56777,1.50,1.00
2018.04.04 23:02:23.547,1.56756,1.56777,1.25,1.00
2018.04.04 23:02:24.267,1.56755,1.56776,1.25,1.00
2018.04.04 23:02:24.804,1.56754,1.56776,1.25,1.00
2018.04.04 23:02:25.863,1.56757,1.56776,1.25,1.00
2018.04.04 23:02:26.626,1.56752,1.56776,1.00,1.00
2018.04.04 23:02:27.238,1.5675,1.56771,1.00,1.00
2018.04.04 23:02:27.563,1.56752,1.5677,1.25,1.00
2018.04.04 23:02:27.614,1.56752,1.56772,1.25,1.00
2018.04.04 23:02:28.604,1.56749,1.56772,1.25,1.00
2018.04.04 23:02:28.875,1.56747,1.56772,1.00,1.00
2018.04.04 23:02:31.835,1.56752,1.56772,1.25,1.00
2018.04.04 23:02:32.633,1.56749,1.56772,1.25,1.00
2018.04.04 23:02:32.736,1.56751,1.56772,1.25,1.00
2018.04.04 23:02:32.940,1.56749,1.56772,1.25,1.00
2018.04.04 23:02:34.538,1.56747,1.56772,1.00,1.00
2018.04.04 23:02:34.913,1.5675,1.56774,1.00,1.00
2018.04.04 23:02:34.965,1.56749,1.56776,1.00,2.25
2018.04.04 23:02:35.220,1.56753,1.56776,1.00,1.00
2018.04.04 23:02:35.272,1.56754,1.56778,1.00,1.50
2018.04.04 23:02:36.774,1.56753,1.56778,1.69,1.00
2018.04.04 23:02:37.743,1.56752,1.56777,1.50,1.00
2018.04.04 23:02:38.855,1.56756,1.56777,1.25,1.00
2018.04.04 23:02:39.586,1.56754,1.56777,1.69,1.00
2018.04.04 23:02:40.441,1.56755,1.56777,1.25,1.00
2018.04.04 23:02:41.636,1.56754,1.56777,1.69,1.00
2018.04.04 23:02:43.174,1.56752,1.56777,2.44,1.00
2018.04.04 23:02:47.949,1.56755,1.56777,1.25,1.00
2018.04.04 23:02:52.027,1.56752,1.56777,1.00,1.00
2018.04.04 23:02:52.129,1.56755,1.56777,1.25,1.00
2018.04.04 23:02:52.290,1.56752,1.56777,1.00,1.00
2018.04.04 23:02:53.640,1.56751,1.56776,2.44,1.00
2018.04.04 23:02:56.153,1.56753,1.56776,1.69,1.00
2018.04.04 23:02:56.661,1.56752,1.56776,1.00,1.00
2018.04.04 23:02:57.638,1.56751,1.56776,2.25,1.00
2018.04.04 23:03:03.143,1.56753,1.56776,1.25,1.00
2018.04.04 23:03:04.086,1.56751,1.56776,3.00,1.00
2018.04.04 23:03:07.126,1.56752,1.56776,1.25,1.00
2018.04.04 23:03:07.657,1.56751,1.56776,2.25,1.00
2018.04.04 23:03:07.990,1.56753,1.5678,1.50,1.50
2018.04.04 23:03:08.042,1.56759,1.5678,1.25,1.50
2018.04.04 23:03:08.145,1.56759,1.56782,1.25,1.50
2018.04.04 23:03:08.349,1.56761,1.56782,1.69,1.00
2018.04.04 23:03:09.051,1.56758,1.56782,1.25,1.00
2018.04.04 23:03:09.866,1.56757,1.56782,1.00,1.00
2018.04.04 23:03:13.703,1.56761,1.56782,1.25,1.00
2018.04.04 23:03:15.599,1.56761,1.56783,1.69,1.00
2018.04.04 23:03:16.641,1.56758,1.56783,1.00,1.00
2018.04.04 23:03:18.671,1.5676,1.56783,1.25,1.00
2018.04.04 23:03:21.703,1.56758,1.56783,1.50,1.00
2018.04.04 23:03:22.906,1.5676,1.56783,1.25,1.00
2018.04.04 23:03:23.977,1.5676,1.56784,1.69,1.00
2018.04.04 23:03:24.640,1.56759,1.56784,1.00,1.00
2018.04.04 23:03:33.191,1.56761,1.56784,1.25,1.00
2018.04.04 23:03:34.367,1.56759,1.56784,1.50,1.00
2018.04.04 23:03:35.637,1.56761,1.56784,1.69,1.00
2018.04.04 23:03:36.645,1.56759,1.56784,2.25,1.00
2018.04.04 23:03:37.592,1.5676,1.56785,1.50,1.00
2018.04.04 23:03:49.198,1.56764,1.56785,1.69,1.00
2018.04.04 23:03:51.189,1.56761,1.56785,1.50,1.00
2018.04.04 23:03:51.344,1.56763,1.56787,1.00,1.00
2018.04.04 23:03:51.652,1.56767,1.56784,1.25,1.00
2018.04.04 23:03:51.704,1.56763,1.56782,1.37,1.00
2018.04.04 23:03:51.756,1.56761,1.56781,1.00,1.00
2018.04.04 23:03:51.807,1.56757,1.56781,1.50,1.00
2018.04.04 23:03:52.597,1.56764,1.56782,1.25,1.00
2018.04.04 23:03:52.698,1.56764,1.56784,1.00,1.50
2018.04.04 23:03:52.901,1.56762,1.56783,1.25,1.00
2018.04.04 23:03:53.003,1.5676,1.56783,1.00,1.00
2018.04.04 23:03:53.757,1.5676,1.56784,1.50,1.50
2018.04.04 23:03:53.810,1.56762,1.56785,1.00,1.00
2018.04.04 23:03:54.133,1.56766,1.56785,1.00,1.00
2018.04.04 23:03:54.286,1.56762,1.56785,1.00,1.00
2018.04.04 23:03:54.389,1.56764,1.56785,1.00,1.00
2018.04.04 23:03:57.204,1.56766,1.56785,1.00,1.00
2018.04.04 23:03:57.306,1.56762,1.56786,1.00,1.00
2018.04.04 23:03:57.358,1.56761,1.56783,1.00,1.00
2018.04.04 23:03:57.409,1.56762,1.56787,1.50,1.00
2018.04.04 23:03:57.461,1.56764,1.56789,1.50,1.00
2018.04.04 23:03:57.768,1.56765,1.56784,1.00,1.00
2018.04.04 23:03:57.819,1.56762,1.56784,1.00,1.00
2018.04.04 23:03:58.024,1.56764,1.56785,1.00,1.00
2018.04.04 23:03:58.951,1.56764,1.56784,1.00,1.00
2018.04.04 23:04:00.118,1.56768,1.56787,1.00,1.00
2018.04.04 23:04:00.222,1.56765,1.56788,1.00,1.00
2018.04.04 23:04:00.326,1.56769,1.56788,1.50,1.00
2018.04.04 23:04:01.628,1.56764,1.56788,1.00,1.00
2018.04.04 23:04:02.197,1.56766,1.56788,1.00,1.00
2018.04.04 23:04:02.642,1.56768,1.5679,1.00,1.00
2018.04.04 23:04:02.893,1.56766,1.5679,1.00,1.00
2018.04.04 23:04:05.187,1.56766,1.56787,1.00,1.00
2018.04.04 23:04:05.239,1.56763,1.56788,1.00,1.00
2018.04.04 23:04:05.291,1.56759,1.56783,1.00,1.00
2018.04.04 23:04:05.818,1.56757,1.56782,1.87,1.00
2018.04.04 23:04:07.059,1.56757,1.56778,1.00,1.00
2018.04.04 23:04:07.241,1.56753,1.56776,1.00,1.00
2018.04.04 23:04:07.599,1.5675,1.56775,1.50,1.00
2018.04.04 23:04:08.008,1.56753,1.56774,1.87,1.00
2018.04.04 23:04:09.638,1.5675,1.56774,1.50,1.00
2018.04.04 23:04:11.256,1.5675,1.56775,1.50,1.00
2018.04.04 23:04:12.927,1.56751,1.56775,1.00,1.00
2018.04.04 23:04:18.171,1.5675,1.56775,1.50,1.00
2018.04.04 23:04:20.489,1.5675,1.56774,1.00,1.00
2018.04.04 23:04:20.643,1.56748,1.56773,1.00,1.00
2018.04.04 23:04:21.251,1.56747,1.56772,1.50,1.00
2018.04.04 23:04:22.033,1.56753,1.56772,1.25,1.00
2018.04.04 23:04:22.634,1.56748,1.56772,1.00,1.00
2018.04.04 23:04:23.614,1.56747,1.56772,2.25,1.00
2018.04.04 23:04:24.145,1.56749,1.56774,1.50,1.00
2018.04.04 23:04:26.988,1.56749,1.56773,1.00,1.00
2018.04.04 23:04:27.738,1.5675,1.56773,1.00,1.00
2018.04.04 23:04:31.664,1.56749,1.56773,1.50,1.00
2018.04.04 23:04:31.972,1.56747,1.56771,1.00,1.00
2018.04.04 23:04:33.652,1.56749,1.56773,1.00,1.00
2018.04.04 23:04:33.857,1.5675,1.56775,1.00,1.00
2018.04.04 23:04:34.752,1.56751,1.56775,1.69,1.00
2018.04.04 23:04:35.253,1.56752,1.56775,1.25,1.00
2018.04.04 23:04:35.636,1.56752,1.56775,2.06,1.00
2018.04.04 23:04:36.050,1.56757,1.56775,1.25,1.00
2018.04.04 23:04:38.642,1.56752,1.56775,1.00,1.00
2018.04.04 23:04:39.655,1.56756,1.56775,1.25,1.00
2018.04.04 23:04:40.362,1.56755,1.56775,1.69,1.00
2018.04.04 23:04:42.703,1.56756,1.56775,1.25,1.00
2018.04.04 23:04:42.804,1.56753,1.56775,1.00,1.00
2018.04.04 23:04:44.640,1.56751,1.56775,1.00,1.00
2018.04.04 23:04:44.742,1.56749,1.56775,1.50,1.00
2018.04.04 23:04:46.615,1.56751,1.56775,1.69,1.00
2018.04.04 23:04:48.000,1.56752,1.56775,1.25,1.00
2018.04.04 23:04:48.594,1.56752,1.56776,1.25,1.00
2018.04.04 23:04:49.510,1.56751,1.56776,1.50,1.00
2018.04.04 23:04:50.626,1.56754,1.56776,1.69,1.00
2018.04.04 23:04:51.795,1.56754,1.56775,1.69,1.00
2018.04.04 23:04:52.101,1.56754,1.56769,1.25,1.00
2018.04.04 23:04:52.605,1.56751,1.56769,1.00,1.00
2018.04.04 23:04:52.706,1.56749,1.56769,1.69,1.00
2018.04.04 23:04:53.176,1.56753,1.56769,1.69,1.00
2018.04.04 23:04:54.690,1.5675,1.56769,1.00,1.00
2018.04.04 23:04:56.866,1.56752,1.5677,1.69,1.00
2018.04.04 23:04:57.788,1.56752,1.56769,1.69,1.00
2018.04.04 23:04:58.636,1.5675,1.56769,1.00,1.00
2018.04.04 23:04:58.999,1.56746,1.56769,1.00,1.00
2018.04.04 23:05:00.586,1.5675,1.56769,1.25,1.00
2018.04.04 23:05:02.339,1.56746,1.56769,1.00,1.00
2018.04.04 23:05:02.618,1.56752,1.5677,1.25,1.00
2018.04.04 23:05:03.216,1.56752,1.56769,1.25,1.00
2018.04.04 23:05:04.199,1.56752,1.56767,1.25,1.00
2018.04.04 23:05:04.301,1.56746,1.56767,1.00,1.00
2018.04.04 23:05:04.820,1.56745,1.56767,1.00,1.00
2018.04.04 23:05:05.818,1.56745,1.56764,1.00,1.00
2018.04.04 23:05:05.870,1.56742,1.56767,1.50,1.00
2018.04.04 23:05:06.076,1.56746,1.56767,1.25,1.00
2018.04.04 23:05:06.713,1.56747,1.56767,1.25,1.00
2018.04.04 23:05:06.867,1.56742,1.56767,2.25,1.00
2018.04.04 23:05:06.918,1.56747,1.56767,1.25,1.00
2018.04.04 23:05:07.126,1.5674,1.56761,1.50,1.00
2018.04.04 23:05:07.229,1.56736,1.5676,1.00,1.00
2018.04.04 23:05:07.837,1.56737,1.5676,1.25,1.00
2018.04.04 23:05:08.058,1.56737,1.56758,1.25,1.00
2018.04.04 23:05:08.110,1.56734,1.56758,1.00,1.00
2018.04.04 23:05:08.617,1.56733,1.56758,1.50,1.00
2018.04.04 23:05:09.228,1.56729,1.56755,1.25,1.50
2018.04.04 23:05:09.331,1.56728,1.56753,1.50,1.00
2018.04.04 23:05:09.670,1.56735,1.56754,1.25,1.00
2018.04.04 23:05:09.925,1.56732,1.56754,1.25,1.00
2018.04.04 23:05:10.384,1.56729,1.56754,1.50,1.00
2018.04.04 23:05:11.218,1.56728,1.56753,2.25,1.00
2018.04.04 23:05:11.269,1.56729,1.5675,1.00,1.00
2018.04.04 23:05:11.372,1.56729,1.56753,1.00,1.00
2018.04.04 23:05:11.894,1.5673,1.56753,1.25,1.00
2018.04.04 23:05:13.353,1.56729,1.56753,1.00,1.00
2018.04.04 23:05:13.457,1.56726,1.56748,1.00,1.00
2018.04.04 23:05:13.590,1.56723,1.56748,1.00,1.00
2018.04.04 23:05:13.693,1.56727,1.56752,1.50,1.00
2018.04.04 23:05:14.234,1.56727,1.56751,1.00,1.00
2018.04.04 23:05:14.286,1.56725,1.56751,1.00,1.00
2018.04.04 23:05:14.835,1.56724,1.56751,2.25,1.00
2018.04.04 23:05:15.557,1.56724,1.56748,1.00,1.00
2018.04.04 23:05:15.660,1.56722,1.56748,2.25,1.00
2018.04.04 23:05:16.384,1.56722,1.56747,2.25,1.00
2018.04.04 23:05:17.408,1.56721,1.56746,1.50,1.00
2018.04.04 23:05:17.921,1.5672,1.56745,1.00,1.00
2018.04.04 23:05:18.442,1.56721,1.56745,1.00,1.00
2018.04.04 23:05:21.266,1.56722,1.56745,1.25,1.00
2018.04.04 23:05:21.420,1.56725,1.56745,1.25,1.00
2018.04.04 23:05:22.584,1.56722,1.56745,1.00,1.00
2018.04.04 23:05:23.101,1.56721,1.56745,1.69,1.00
2018.04.04 23:05:24.203,1.56721,1.56746,2.44,1.50
2018.04.04 23:05:24.357,1.56723,1.56746,1.25,1.00
2018.04.04 23:05:24.826,1.56723,1.56748,1.00,1.50
2018.04.04 23:05:25.310,1.56725,1.56751,1.00,1.00
2018.04.04 23:05:25.516,1.56727,1.56751,1.25,1.00
2018.04.04 23:05:26.036,1.56729,1.56751,1.25,1.00
2018.04.04 23:05:26.550,1.56728,1.56751,1.25,1.00
2018.04.04 23:05:26.658,1.56725,1.56751,2.44,1.00
2018.04.04 23:05:27.638,1.56731,1.56751,1.25,1.00
2018.04.04 23:05:28.382,1.56732,1.56751,1.25,1.00
2018.04.04 23:05:28.667,1.56723,1.56748,1.50,1.00
2018.04.04 23:05:29.091,1.56721,1.56748,1.50,1.00
2018.04.04 23:05:31.997,1.56723,1.56748,1.25,1.50
2018.04.04 23:05:32.337,1.56721,1.56748,2.25,1.50
2018.04.04 23:05:33.569,1.56722,1.56748,1.25,1.50
2018.04.04 23:05:34.588,1.56721,1.56748,3.19,1.50
2018.04.04 23:05:36.212,1.56723,1.56748,1.25,1.50
2018.04.04 23:05:39.053,1.56721,1.56748,2.25,1.50
2018.04.04 23:05:39.423,1.56723,1.56748,1.25,1.50
2018.04.04 23:05:39.657,1.56721,1.56748,3.19,1.50
2018.04.04 23:05:41.266,1.56726,1.56751,1.50,1.00
2018.04.04 23:05:41.638,1.56728,1.56753,1.00,1.00
2018.04.04 23:05:46.173,1.56729,1.56753,1.00,1.00
2018.04.04 23:05:46.683,1.56729,1.56754,1.50,1.00
2018.04.04 23:05:47.213,1.56731,1.56754,1.25,1.00
2018.04.04 23:05:48.534,1.56732,1.56754,1.25,1.00
2018.04.04 23:05:51.640,1.56731,1.56754,1.25,1.00
2018.04.04 23:05:52.261,1.5673,1.56754,1.25,1.00
2018.04.04 23:05:54.437,1.56731,1.56755,1.00,1.00
2018.04.04 23:05:56.458,1.56734,1.56755,1.25,1.00
2018.04.04 23:05:59.651,1.56732,1.56755,1.25,1.00
2018.04.04 23:06:01.180,1.56731,1.56755,2.44,1.00
2018.04.04 23:06:01.232,1.56733,1.56755,1.25,1.00
2018.04.04 23:06:02.641,1.56732,1.56755,1.25,1.00
2018.04.04 23:06:03.532,1.56733,1.56755,1.25,1.00
2018.04.04 23:06:04.977,1.56733,1.56756,1.00,1.00
2018.04.04 23:06:05.285,1.56741,1.56761,1.25,1.00
2018.04.04 23:06:05.793,1.5674,1.56761,1.25,1.00
2018.04.04 23:06:06.341,1.56736,1.56761,1.00,1.00
2018.04.04 23:06:08.485,1.56735,1.5676,1.00,1.00
2018.04.04 23:06:08.537,1.56738,1.5676,1.25,1.00
2018.04.04 23:06:08.947,1.56734,1.56759,1.69,1.00
2018.04.04 23:06:09.132,1.56737,1.56759,1.25,1.00
2018.04.04 23:06:09.185,1.56737,1.56761,1.25,1.50
2018.04.04 23:06:09.237,1.56741,1.56761,1.25,1.50
2018.04.04 23:06:09.612,1.56737,1.5676,1.25,1.00
2018.04.04 23:06:09.716,1.56734,1.56759,1.00,1.00
2018.04.04 23:06:12.762,1.56734,1.56758,1.25,1.00
2018.04.04 23:06:12.989,1.56733,1.56754,1.00,1.00
2018.04.04 23:06:13.297,1.56733,1.56756,1.25,1.50
2018.04.04 23:06:13.451,1.56735,1.56757,1.00,1.00
2018.04.04 23:06:13.995,1.56736,1.56757,1.25,1.00
2018.04.04 23:06:15.328,1.56736,1.56758,1.00,1.50
2018.04.04 23:06:15.584,1.56737,1.5676,1.25,1.50
2018.04.04 23:06:15.687,1.56733,1.5676,1.50,1.50
2018.04.04 23:06:15.790,1.56739,1.5676,1.25,1.50
2018.04.04 23:06:15.944,1.56735,1.5676,1.25,1.00
2018.04.04 23:06:21.638,1.56733,1.5676,1.00,1.00
2018.04.04 23:06:22.416,1.56734,1.5676,1.25,1.00
2018.04.04 23:06:25.031,1.56735,1.5676,1.69,1.00
2018.04.04 23:06:25.651,1.56733,1.5676,1.00,1.00
2018.04.04 23:06:27.826,1.56735,1.5676,1.69,1.00
2018.04.04 23:06:29.559,1.56733,1.5676,1.50,1.50
2018.04.04 23:06:31.265,1.56733,1.56759,1.00,1.00
2018.04.04 23:06:32.566,1.56733,1.56758,1.00,1.00
2018.04.04 23:06:33.309,1.56734,1.56759,1.00,1.00
2018.04.04 23:06:33.568,1.56732,1.56759,1.50,1.00
2018.04.04 23:06:34.091,1.56732,1.5676,1.50,1.50
2018.04.04 23:06:41.719,1.56734,1.56759,1.00,1.00
2018.04.04 23:06:43.061,1.56732,1.56757,1.50,1.00
2018.04.04 23:06:43.382,1.56736,1.56755,1.00,1.00
2018.04.04 23:06:45.179,1.56736,1.56757,1.00,1.00
2018.04.04 23:06:45.639,1.56732,1.56758,1.00,1.50
2018.04.04 23:06:45.691,1.56738,1.56758,1.25,1.00
2018.04.04 23:06:47.195,1.56733,1.56758,1.50,1.00
2018.04.04 23:06:51.590,1.56731,1.56753,1.00,1.00
2018.04.04 23:06:51.927,1.56733,1.56753,1.69,1.00
2018.04.04 23:06:52.632,1.5673,1.56753,1.00,1.00
2018.04.04 23:06:52.684,1.56728,1.56753,1.50,1.00
2018.04.04 23:06:52.838,1.56731,1.56753,1.00,1.00
2018.04.04 23:06:53.144,1.56733,1.56753,1.69,1.00
2018.04.04 23:06:53.722,1.5673,1.56753,1.00,1.00
2018.04.04 23:06:53.774,1.56728,1.56753,1.50,1.00
2018.04.04 23:06:54.441,1.56729,1.56753,1.00,1.00
2018.04.04 23:06:56.723,1.56728,1.56753,2.25,1.00
2018.04.04 23:06:58.720,1.56728,1.56748,1.50,1.00
2018.04.04 23:06:59.923,1.56729,1.56748,1.50,1.00
2018.04.04 23:07:00.281,1.56732,1.56748,1.50,1.00
2018.04.04 23:07:00.436,1.56728,1.56748,2.25,1.00
2018.04.04 23:07:00.487,1.56732,1.56748,1.00,1.00
2018.04.04 23:07:00.641,1.56729,1.56748,1.50,1.00
2018.04.04 23:07:00.693,1.56732,1.56749,1.00,1.00
2018.04.04 23:07:00.997,1.56735,1.5675,1.00,1.00
2018.04.04 23:07:01.048,1.56735,1.56752,1.00,1.00
2018.04.04 23:07:01.561,1.56734,1.56752,1.50,1.00
2018.04.04 23:07:03.059,1.56736,1.56752,1.00,1.00
2018.04.04 23:07:03.162,1.5674,1.56757,1.00,1.00
2018.04.04 23:07:03.374,1.56732,1.56755,1.50,1.00
2018.04.04 23:07:03.425,1.56732,1.56753,1.00,1.00
2018.04.04 23:07:06.194,1.56733,1.56753,1.00,1.00
2018.04.04 23:07:06.552,1.56737,1.56755,1.00,1.00
2018.04.04 23:07:06.604,1.56737,1.56758,1.00,1.00
2018.04.04 23:07:06.656,1.56739,1.56758,1.00,1.00
2018.04.04 23:07:06.811,1.56735,1.56755,1.00,1.00
2018.04.04 23:07:07.698,1.56732,1.56755,1.50,1.00
2018.04.04 23:07:07.804,1.56738,1.56755,1.50,1.00
2018.04.04 23:07:07.906,1.56735,1.56755,1.00,1.00
2018.04.04 23:07:07.958,1.56733,1.56753,1.00,1.00
2018.04.04 23:07:09.417,1.56738,1.56753,1.50,1.00
2018.04.04 23:07:09.577,1.56736,1.56753,1.00,1.00
2018.04.04 23:07:09.679,1.56733,1.56753,1.00,1.00
2018.04.04 23:07:10.254,1.56733,1.56755,1.50,1.00
2018.04.04 23:07:11.843,1.56731,1.56753,1.00,1.00
2018.04.04 23:07:12.158,1.56726,1.56747,1.00,1.00
2018.04.04 23:07:12.529,1.56729,1.56748,1.25,1.00
2018.04.04 23:07:13.041,1.56728,1.56748,1.00,1.00
2018.04.04 23:07:13.374,1.56733,1.56753,1.50,1.00
2018.04.04 23:07:13.680,1.56736,1.56754,1.00,1.00
2018.04.04 23:07:13.992,1.56739,1.56755,1.69,1.00
2018.04.04 23:07:14.936,1.56736,1.56755,1.25,1.00
2018.04.04 23:07:15.663,1.56739,1.56755,1.00,1.00
2018.04.04 23:07:15.960,1.56735,1.56755,1.25,1.00
2018.04.04 23:07:16.063,1.56732,1.56755,1.50,1.00
2018.04.04 23:07:16.166,1.56734,1.56755,1.50,1.00
2018.04.04 23:07:16.524,1.56731,1.56752,1.00,1.00
2018.04.04 23:07:16.832,1.56733,1.56754,1.00,1.00
2018.04.04 23:07:19.592,1.56734,1.56754,1.25,1.00
2018.04.04 23:07:20.117,1.56735,1.56754,1.25,1.00
2018.04.04 23:07:20.436,1.56738,1.56754,1.00,1.00
2018.04.04 23:07:22.088,1.56739,1.56754,1.25,1.00
2018.04.04 23:07:22.907,1.56739,1.56753,1.25,1.00
2018.04.04 23:07:25.371,1.56738,1.56753,1.00,1.00
2018.04.04 23:07:26.316,1.56734,1.56753,1.69,1.00
2018.04.04 23:07:27.643,1.56733,1.56753,1.00,1.00
2018.04.04 23:07:30.517,1.56736,1.56753,1.25,1.00
2018.04.04 23:07:30.618,1.56733,1.56753,2.25,1.00
2018.04.04 23:07:31.160,1.56734,1.56754,1.00,1.00
2018.04.04 23:07:33.083,1.56733,1.56754,1.50,1.00
2018.04.04 23:07:36.635,1.56735,1.56754,1.25,1.00
2018.04.04 23:07:36.686,1.56733,1.56754,1.50,1.00
2018.04.04 23:07:37.857,1.56733,1.56753,1.00,1.00
2018.04.04 23:07:39.525,1.56732,1.56753,1.00,1.00
2018.04.04 23:07:40.953,1.56731,1.56753,1.00,1.00
2018.04.04 23:07:48.966,1.56731,1.56752,1.50,1.00
2018.04.04 23:07:58.150,1.56738,1.56752,1.00,1.00
2018.04.04 23:07:58.595,1.56736,1.56752,1.00,1.00
2018.04.04 23:07:58.957,1.56732,1.56752,1.00,1.00
2018.04.04 23:08:00.247,1.56734,1.56752,1.00,1.00
2018.04.04 23:08:00.550,1.56739,1.56755,1.50,1.00
2018.04.04 23:08:00.653,1.56736,1.56757,1.00,1.00
2018.04.04 23:08:01.165,1.56735,1.56758,1.00,1.00
2018.04.04 23:08:02.868,1.56736,1.56758,1.19,1.00
2018.04.04 23:08:03.219,1.56743,1.56758,1.00,1.00
2018.04.04 23:08:03.271,1.5674,1.56759,1.00,1.00
2018.04.04 23:08:03.322,1.56736,1.56759,1.25,1.00
2018.04.04 23:08:03.528,1.56744,1.56759,1.25,1.00
2018.04.04 23:08:04.721,1.56743,1.56759,1.00,1.00
2018.04.04 23:08:04.827,1.56736,1.56759,1.00,1.00
2018.04.04 23:08:05.527,1.56735,1.56759,1.50,1.00
2018.04.04 23:08:06.944,1.56734,1.56755,1.00,1.00
2018.04.04 23:08:07.047,1.5673,1.56753,1.00,1.00
2018.04.04 23:08:08.143,1.56728,1.56753,1.00,1.00
2018.04.04 23:08:08.828,1.56729,1.56753,1.00,1.00
2018.04.04 23:08:09.295,1.56733,1.56753,1.00,1.00
2018.04.04 23:08:10.474,1.56732,1.56753,1.00,1.00
2018.04.04 23:08:10.891,1.56731,1.56749,1.50,1.00
2018.04.04 23:08:10.943,1.56728,1.56747,1.50,1.00
2018.04.04 23:08:11.098,1.56729,1.56749,1.00,1.00
2018.04.04 23:08:11.201,1.56729,1.56752,1.00,1.00
2018.04.04 23:08:11.711,1.5673,1.56752,1.00,1.00
2018.04.04 23:08:12.287,1.5673,1.56753,1.00,1.00
2018.04.04 23:08:12.339,1.56734,1.56753,1.50,1.00
2018.04.04 23:08:12.842,1.56732,1.56752,1.19,1.00
2018.04.04 23:08:13.158,1.56728,1.56748,1.69,1.00
2018.04.04 23:08:13.209,1.56728,1.56748,1.19,1.00
2018.04.04 23:08:13.261,1.56725,1.56747,1.50,1.00
2018.04.04 23:08:13.802,1.56725,1.56746,1.00,1.00
2018.04.04 23:08:15.298,1.56723,1.56745,1.50,1.00
2018.04.04 23:08:16.108,1.56723,1.56746,1.50,1.00
2018.04.04 23:08:17.882,1.56724,1.56746,1.50,1.00
2018.04.04 23:08:18.418,1.56723,1.56746,1.50,1.00
2018.04.04 23:08:24.696,1.56726,1.56746,1.00,1.00
2018.04.04 23:08:25.352,1.56726,1.56747,1.00,1.00
2018.04.04 23:08:33.812,1.56727,1.56747,1.00,1.00
2018.04.04 23:08:34.319,1.56729,1.56747,1.00,1.00
2018.04.04 23:08:34.752,1.56727,1.56747,1.00,1.00
2018.04.04 23:08:38.635,1.5673,1.56747,1.00,1.00
2018.04.04 23:08:43.170,1.56727,1.56747,1.50,1.00
2018.04.04 23:08:43.890,1.56726,1.56747,1.00,1.00
2018.04.04 23:08:45.435,1.56727,1.56747,1.50,1.00
2018.04.04 23:08:46.354,1.5673,1.56747,1.00,1.00
2018.04.04 23:08:51.756,1.56729,1.56747,1.00,1.00
2018.04.04 23:08:51.807,1.56727,1.56747,1.50,1.00
2018.04.04 23:08:52.191,1.56725,1.56747,3.00,1.00
2018.04.04 23:08:52.804,1.56726,1.56747,1.00,1.00
2018.04.04 23:08:55.829,1.56727,1.56747,1.00,1.00
2018.04.04 23:08:58.051,1.5673,1.56747,1.50,1.00
2018.04.04 23:08:58.990,1.56725,1.56747,1.19,1.00
2018.04.04 23:08:59.400,1.56723,1.56746,1.00,1.00
2018.04.04 23:09:00.057,1.56723,1.56744,1.00,1.00
2018.04.04 23:09:00.564,1.56722,1.56744,1.00,1.00
2018.04.04 23:09:01.182,1.56722,1.56748,1.00,2.25
2018.04.04 23:09:04.047,1.56723,1.56748,1.00,2.25
2018.04.04 23:09:05.342,1.56725,1.56748,1.00,1.50
2018.04.04 23:09:07.455,1.56724,1.56747,1.00,1.00
2018.04.04 23:09:07.985,1.56723,1.56747,1.00,1.00
2018.04.04 23:09:09.070,1.56723,1.56746,1.00,1.00
2018.04.04 23:09:10.624,1.56723,1.56747,1.00,1.00
2018.04.04 23:09:13.827,1.56721,1.56744,2.44,1.00
2018.04.04 23:09:14.298,1.56725,1.56744,2.62,1.00
2018.04.04 23:09:14.701,1.56722,1.56744,1.69,1.00
2018.04.04 23:09:14.804,1.56725,1.56744,1.00,1.00
2018.04.04 23:09:15.122,1.56724,1.56746,2.62,1.00
2018.04.04 23:09:15.496,1.56721,1.56746,2.25,1.00
2018.04.04 23:09:15.597,1.56723,1.56746,1.00,1.00
2018.04.04 23:09:16.732,1.56721,1.56746,2.25,1.00
2018.04.04 23:09:18.956,1.56722,1.56746,1.00,1.00
2018.04.04 23:09:23.143,1.56724,1.56746,1.00,1.00
2018.04.04 23:09:23.645,1.56724,1.56746,2.81,1.00
2018.04.04 23:09:30.896,1.56724,1.56746,1.50,1.00
2018.04.04 23:09:31.618,1.56724,1.56746,2.81,1.00
2018.04.04 23:09:33.780,1.56724,1.56746,1.25,1.00
2018.04.04 23:09:33.934,1.56722,1.56746,1.69,1.00
2018.04.04 23:09:39.606,1.56724,1.56746,1.00,1.00
2018.04.04 23:09:39.951,1.56724,1.56746,2.81,1.00
2018.04.04 23:09:40.590,1.56724,1.56746,2.62,1.00
2018.04.04 23:09:40.846,1.56722,1.56746,1.00,1.00
2018.04.04 23:09:46.606,1.56722,1.56747,2.25,1.00
2018.04.04 23:09:47.212,1.56723,1.56747,2.62,1.00
2018.04.04 23:09:53.540,1.56724,1.56747,1.87,1.00
2018.04.04 23:09:55.055,1.56723,1.56747,2.62,1.00
2018.04.04 23:09:55.797,1.56722,1.56747,1.50,1.00
2018.04.04 23:10:03.725,1.56722,1.56747,1.00,1.37
2018.04.04 23:10:04.457,1.56722,1.56747,1.00,1.75
2018.04.04 23:10:05.064,1.56721,1.56747,1.50,1.75
2018.04.04 23:10:08.592,1.56722,1.56746,1.00,1.50
2018.04.04 23:10:08.809,1.56722,1.56746,1.75,1.00
2018.04.04 23:10:08.912,1.56722,1.56746,2.25,1.00
2018.04.04 23:10:11.847,1.56722,1.56746,1.00,1.50
2018.04.04 23:10:18.127,1.56722,1.56746,2.44,1.00
2018.04.04 23:10:18.400,1.56722,1.56746,2.06,1.00
2018.04.04 23:10:21.800,1.56722,1.56746,2.06,1.00
2018.04.04 23:10:22.582,1.56722,1.56747,2.06,1.00
2018.04.04 23:10:23.084,1.56722,1.56746,2.06,1.00
2018.04.04 23:10:23.607,1.56722,1.56746,1.50,1.12
2018.04.04 23:10:24.638,1.56722,1.56746,1.00,1.50
2018.04.04 23:10:24.690,1.56722,1.56746,1.00,1.00
2018.04.04 23:10:26.589,1.56722,1.56746,1.00,1.37
2018.04.04 23:10:36.707,1.56722,1.56746,1.00,1.00
2018.04.04 23:10:36.810,1.56725,1.56746,1.00,1.00
2018.04.04 23:10:36.913,1.56722,1.56746,1.56,1.00
2018.04.04 23:10:38.610,1.56721,1.56746,3.56,1.00
2018.04.04 23:10:39.220,1.56721,1.56746,2.62,1.00
2018.04.04 23:10:46.642,1.56722,1.56746,1.00,1.50
2018.04.04 23:10:49.506,1.56722,1.56746,1.00,1.00
2018.04.04 23:10:52.292,1.56721,1.56744,3.56,1.00
2018.04.04 23:10:52.636,1.5672,1.56744,2.44,1.00
2018.04.04 23:10:52.739,1.5672,1.56744,1.50,1.00
2018.04.04 23:10:53.299,1.56721,1.56744,1.50,1.00
2018.04.04 23:10:53.351,1.56721,1.56744,2.25,1.00
2018.04.04 23:10:54.640,1.56721,1.56745,2.44,1.00
2018.04.04 23:10:57.834,1.56721,1.56745,3.19,1.00
2018.04.04 23:10:58.636,1.56721,1.56745,2.44,1.00
2018.04.04 23:10:59.305,1.56721,1.56745,2.25,1.00
2018.04.04 23:10:59.562,1.56722,1.56744,1.19,1.00
2018.04.04 23:11:00.116,1.56721,1.56744,1.94,1.00
2018.04.04 23:11:00.219,1.5672,1.56744,3.75,1.00
2018.04.04 23:11:01.556,1.5672,1.56744,3.56,1.00
2018.04.04 23:11:02.087,1.56721,1.56744,2.44,1.00
2018.04.04 23:11:02.736,1.5672,1.56744,3.00,1.00
2018.04.04 23:11:04.521,1.5672,1.56743,3.19,1.00
2018.04.04 23:11:04.763,1.56718,1.5674,2.81,1.00
2018.04.04 23:11:05.374,1.56716,1.5674,3.19,1.00
2018.04.04 23:11:07.637,1.56716,1.5674,1.69,1.00
2018.04.04 23:11:08.645,1.56716,1.5674,2.44,1.00
2018.04.04 23:11:09.162,1.56715,1.56737,1.69,1.00
2018.04.04 23:11:09.267,1.56714,1.56736,1.50,1.00
2018.04.04 23:11:09.319,1.56714,1.56736,2.25,1.00
2018.04.04 23:11:09.422,1.56714,1.56735,1.00,1.00
2018.04.04 23:11:09.995,1.56713,1.56735,1.00,1.00
2018.04.04 23:11:10.683,1.56713,1.56735,1.00,1.75
2018.04.04 23:11:11.037,1.56713,1.56735,1.00,1.00
2018.04.04 23:11:11.594,1.56713,1.56736,1.00,1.00
2018.04.04 23:11:13.862,1.56712,1.56736,1.00,1.00
2018.04.04 23:11:13.915,1.56712,1.56733,1.00,1.00
2018.04.04 23:11:14.584,1.56711,1.56733,1.25,1.00
2018.04.04 23:11:16.688,1.56711,1.56733,1.00,1.50
2018.04.04 23:11:17.624,1.56711,1.56733,1.00,1.00
2018.04.04 23:11:22.589,1.56711,1.56734,1.00,1.00
2018.04.04 23:11:22.895,1.56711,1.56734,1.00,1.50
2018.04.04 23:11:23.633,1.56711,1.56734,1.00,1.00
2018.04.04 23:11:24.708,1.56711,1.56734,1.00,1.50
2018.04.04 23:11:25.122,1.56714,1.56736,1.50,1.00
2018.04.04 23:11:25.893,1.56714,1.56737,1.69,1.00
2018.04.04 23:11:26.152,1.56713,1.56737,3.00,1.00
2018.04.04 23:11:28.604,1.56715,1.56737,1.00,1.00
2018.04.04 23:11:29.135,1.56715,1.56736,1.00,1.00
2018.04.04 23:11:30.227,1.56714,1.56736,1.00,1.00
2018.04.04 23:11:30.736,1.56714,1.56737,1.00,1.00
2018.04.04 23:11:31.434,1.56713,1.56737,2.25,1.50
2018.04.04 23:11:32.181,1.56713,1.56737,2.25,1.00
2018.04.04 23:11:36.110,1.56713,1.56737,3.19,1.00
2018.04.04 23:11:36.622,1.56713,1.56737,2.25,1.00
2018.04.04 23:11:37.171,1.56713,1.56737,3.19,1.00
2018.04.04 23:11:40.203,1.56714,1.56736,1.25,1.00
2018.04.04 23:11:40.358,1.56712,1.56735,1.00,1.00
2018.04.04 23:11:40.461,1.56714,1.56736,1.00,1.00
2018.04.04 23:11:40.811,1.56712,1.56733,1.25,1.00
2018.04.04 23:11:40.914,1.5671,1.56733,2.06,1.00
2018.04.04 23:11:46.033,1.56714,1.56735,1.00,1.00
2018.04.04 23:11:46.294,1.56716,1.5674,1.31,1.00
2018.04.04 23:11:46.877,1.56716,1.5674,1.12,1.00
2018.04.04 23:11:47.698,1.56716,1.5674,1.31,1.00
2018.04.04 23:11:50.692,1.56717,1.5674,1.00,1.50
2018.04.04 23:11:52.270,1.56717,1.5674,1.00,1.12
2018.04.04 23:11:52.912,1.56717,1.5674,1.19,1.00
2018.04.04 23:11:53.016,1.56719,1.56742,1.00,1.50
2018.04.04 23:11:53.121,1.56722,1.56743,1.50,1.00
2018.04.04 23:11:53.174,1.56722,1.56745,1.50,1.00
2018.04.04 23:11:54.689,1.56722,1.56745,1.50,1.50
2018.04.04 23:11:55.201,1.56722,1.56745,1.50,1.00
2018.04.04 23:11:58.685,1.56722,1.56745,1.50,1.50
2018.04.04 23:11:59.200,1.56722,1.56745,1.50,1.00
2018.04.04 23:11:59.498,1.56723,1.56746,1.19,1.00
2018.04.04 23:12:00.634,1.56723,1.56746,1.00,1.00
2018.04.04 23:12:01.297,1.56723,1.56746,1.19,1.00
2018.04.04 23:12:01.844,1.56723,1.56746,1.69,1.00
2018.04.04 23:12:02.170,1.56723,1.56746,1.50,1.75
2018.04.04 23:12:02.272,1.56723,1.56746,1.50,1.00
2018.04.04 23:12:04.641,1.56724,1.56747,1.00,1.00
2018.04.04 23:12:04.692,1.56724,1.56747,1.00,1.75
2018.04.04 23:12:06.631,1.56724,1.56747,1.00,1.00
2018.04.04 23:12:06.689,1.56724,1.56747,1.00,1.37
2018.04.04 23:12:09.557,1.56724,1.56747,1.00,1.00
2018.04.04 23:12:10.117,1.56724,1.56747,1.50,1.50
2018.04.04 23:12:10.642,1.56724,1.56747,1.50,1.12
2018.04.04 23:12:12.692,1.56724,1.56747,1.00,1.50
2018.04.04 23:12:14.495,1.56724,1.56747,1.00,1.00
2018.04.04 23:12:22.687,1.56724,1.56747,1.00,1.50
2018.04.04 23:12:24.586,1.56723,1.56748,1.50,1.75
2018.04.04 23:12:25.150,1.56724,1.56747,1.00,1.50
2018.04.04 23:12:26.638,1.56723,1.56748,1.50,2.25
2018.04.04 23:12:27.309,1.56723,1.56748,1.50,1.50
2018.04.04 23:12:27.566,1.56723,1.56748,2.44,1.50
2018.04.04 23:12:28.589,1.56723,1.56748,2.44,1.50
2018.04.04 23:12:29.145,1.56724,1.56747,1.19,1.00
2018.04.04 23:12:30.595,1.56725,1.56748,1.19,1.50
2018.04.04 23:12:30.698,1.56724,1.56747,1.25,1.00
2018.04.04 23:12:32.694,1.56724,1.56747,1.00,1.50
2018.04.04 23:12:38.022,1.56724,1.56747,1.50,1.00
2018.04.04 23:12:38.176,1.56724,1.56747,2.44,1.00
2018.04.04 23:12:38.684,1.56724,1.56747,1.69,1.00
2018.04.04 23:12:39.323,1.56724,1.56747,1.00,1.50
2018.04.04 23:12:39.832,1.56725,1.56747,1.00,1.12
2018.04.04 23:12:40.694,1.56725,1.56749,1.50,2.25
2018.04.04 23:12:44.629,1.56726,1.56749,1.50,1.50
2018.04.04 23:12:45.710,1.56726,1.56749,1.50,1.00
2018.04.04 23:12:45.762,1.56726,1.56749,2.25,1.00
2018.04.04 23:12:46.676,1.56728,1.56749,2.44,1.00
2018.04.04 23:12:46.728,1.56728,1.56749,1.00,1.00
2018.04.04 23:12:46.780,1.56726,1.56749,1.50,1.00
2018.04.04 23:12:47.290,1.56727,1.5675,2.44,1.00
2018.04.04 23:12:48.368,1.56726,1.5675,5.81,1.00
2018.04.04 23:12:48.420,1.56727,1.56751,1.25,1.00
2018.04.04 23:12:50.418,1.56726,1.5675,2.06,1.00
2018.04.04 23:12:50.471,1.56726,1.5675,2.44,1.00
2018.04.04 23:12:50.780,1.56727,1.5675,1.50,1.75
2018.04.04 23:12:50.883,1.56727,1.56751,1.50,1.00
2018.04.04 23:12:50.987,1.56727,1.56751,3.75,1.00
2018.04.04 23:12:51.320,1.56729,1.56751,2.44,1.00
2018.04.04 23:12:52.687,1.56729,1.56751,1.50,1.00
2018.04.04 23:12:53.383,1.56728,1.56751,2.25,1.00
2018.04.04 23:12:56.640,1.56728,1.56752,2.25,1.00
2018.04.04 23:13:01.857,1.5673,1.56752,1.31,1.00
2018.04.04 23:13:04.636,1.56729,1.56752,1.75,1.00
2018.04.04 23:13:04.687,1.56729,1.56752,1.00,1.00
2018.04.04 23:13:05.752,1.56732,1.56751,1.75,1.00
2018.04.04 23:13:05.856,1.56727,1.5675,5.44,1.00
2018.04.04 23:13:05.959,1.56727,1.56748,1.00,1.00
2018.04.04 23:13:06.367,1.56723,1.56746,5.81,1.00
2018.04.04 23:13:06.735,1.56723,1.56746,1.50,1.00
2018.04.04 23:13:07.120,1.56724,1.56746,1.50,1.00
2018.04.04 23:13:07.809,1.56727,1.56747,1.00,1.00
2018.04.04 23:13:07.861,1.56727,1.56749,1.00,1.12
2018.04.04 23:13:08.732,1.56729,1.5675,1.31,1.00
2018.04.04 23:13:09.685,1.56729,1.5675,1.00,1.37
2018.04.04 23:13:10.866,1.56729,1.5675,1.00,1.00
2018.04.04 23:13:13.637,1.5673,1.56752,1.00,1.75
2018.04.04 23:13:15.581,1.5673,1.56752,1.00,1.00
2018.04.04 23:13:16.232,1.5673,1.56752,1.75,1.00
2018.04.04 23:13:17.636,1.5673,1.56752,1.00,1.00
2018.04.04 23:13:18.398,1.56729,1.5675,1.75,1.00
2018.04.04 23:13:18.899,1.56729,1.56751,3.19,1.00
2018.04.04 23:13:19.709,1.56729,1.56751,1.00,1.00
2018.04.04 23:13:19.812,1.56729,1.56751,1.75,1.00
2018.04.04 23:13:20.617,1.56729,1.56752,2.44,1.00
2018.04.04 23:13:20.941,1.56729,1.56752,1.69,1.00
2018.04.04 23:13:21.712,1.56729,1.56752,1.94,1.00
2018.04.04 23:13:23.701,1.56728,1.56752,3.00,1.50
2018.04.04 23:13:24.449,1.56729,1.56752,1.00,1.50
2018.04.04 23:13:25.187,1.56729,1.56752,1.00,1.12
2018.04.04 23:13:25.738,1.56729,1.56753,1.50,1.00
2018.04.04 23:13:26.170,1.56732,1.56753,2.62,1.00
2018.04.04 23:13:27.640,1.56731,1.56753,1.00,1.00
2018.04.04 23:13:28.160,1.5673,1.56753,1.00,1.00
2018.04.04 23:13:29.036,1.5673,1.56753,3.00,1.00
2018.04.04 23:13:29.585,1.56733,1.56753,1.31,1.00
2018.04.04 23:13:29.637,1.5673,1.56753,2.06,1.00
2018.04.04 23:13:30.135,1.5673,1.56753,3.37,1.00
2018.04.04 23:13:30.800,1.56733,1.56753,1.94,1.00
2018.04.04 23:13:31.582,1.56733,1.56753,1.56,1.00
2018.04.04 23:13:31.634,1.5673,1.56753,1.31,1.00
2018.04.04 23:13:32.447,1.5673,1.56753,1.12,1.00
2018.04.04 23:13:33.687,1.5673,1.56753,1.00,1.50
2018.04.04 23:13:34.517,1.56729,1.56753,2.25,1.50
2018.04.04 23:13:34.616,1.56729,1.56753,2.62,1.12
2018.04.04 23:13:34.925,1.56729,1.56752,1.00,1.50
2018.04.04 23:13:35.029,1.56728,1.5675,1.00,1.00
2018.04.04 23:13:35.132,1.56723,1.56749,3.19,1.00
2018.04.04 23:13:35.287,1.56724,1.56746,1.00,1.00
2018.04.04 23:13:35.946,1.56724,1.56746,1.50,1.00
2018.04.04 23:13:36.725,1.56724,1.56746,1.00,1.00
2018.04.04 23:13:38.290,1.56723,1.56746,1.50,1.00
2018.04.04 23:13:39.859,1.56726,1.56746,1.00,1.00
2018.04.04 23:13:40.405,1.56723,1.56746,2.44,1.00
2018.04.04 23:13:40.604,1.56723,1.56746,1.50,1.00
2018.04.04 23:13:41.156,1.56723,1.56746,2.25,1.00
2018.04.04 23:13:42.584,1.56723,1.56746,1.87,1.00
2018.04.04 23:13:44.130,1.56723,1.56746,2.25,1.00
2018.04.04 23:13:44.233,1.56723,1.56746,2.25,1.00
2018.04.04 23:13:44.642,1.56723,1.56746,2.44,1.00
2018.04.04 23:13:45.182,1.56723,1.56746,1.50,1.00
2018.04.04 23:13:50.798,1.56723,1.56746,1.94,1.00
2018.04.04 23:13:51.406,1.56725,1.56746,1.94,1.00
2018.04.04 23:13:52.639,1.56725,1.56747,1.12,1.00
2018.04.04 23:13:52.906,1.56727,1.56747,1.00,1.00
2018.04.04 23:13:53.502,1.56724,1.56747,5.44,1.00
2018.04.04 23:13:54.644,1.56724,1.56746,1.00,1.00
2018.04.04 23:13:55.367,1.56724,1.56746,1.00,1.50
2018.04.04 23:13:58.592,1.56724,1.56746,1.00,1.12
2018.04.04 23:14:02.352,1.56723,1.56746,1.50,1.00
2018.04.04 23:14:02.960,1.56723,1.56746,1.50,1.50
2018.04.04 23:14:04.590,1.56723,1.56746,1.50,1.12
2018.04.04 23:14:05.077,1.56723,1.56746,2.25,1.00
2018.04.04 23:14:05.180,1.56723,1.56746,1.50,1.00
2018.04.04 23:14:06.144,1.56724,1.56748,1.00,1.00
2018.04.04 23:14:06.196,1.56724,1.56748,2.25,1.00
2018.04.04 23:14:07.637,1.56724,1.56748,2.81,1.00
2018.04.04 23:14:07.688,1.56724,1.56748,2.06,1.75
2018.04.04 23:14:07.740,1.56724,1.56748,1.00,1.75
2018.04.04 23:14:07.894,1.56724,1.56748,1.00,1.00
2018.04.04 23:14:09.616,1.56724,1.56748,1.00,1.75
2018.04.04 23:14:11.548,1.56724,1.56748,1.69,1.00
2018.04.04 23:14:11.600,1.56724,1.56748,1.19,1.75
2018.04.04 23:14:11.702,1.56724,1.56748,1.00,1.50
2018.04.04 23:14:12.222,1.56724,1.56748,2.44,1.00
2018.04.04 23:14:12.863,1.56725,1.56748,1.94,1.00
2018.04.04 23:14:13.084,1.56724,1.56748,1.50,1.00
2018.04.04 23:14:16.615,1.56725,1.56748,2.44,1.00
2018.04.04 23:14:17.155,1.56725,1.56748,1.75,1.00
2018.04.04 23:14:22.938,1.56724,1.56748,1.00,1.00
2018.04.04 23:14:23.489,1.56725,1.56749,1.00,1.00
2018.04.04 23:14:27.592,1.56725,1.56749,1.50,1.50
2018.04.04 23:14:28.656,1.56725,1.56751,3.00,1.50
2018.04.04 23:14:28.864,1.56729,1.56753,1.00,1.12
2018.04.04 23:14:33.319,1.56728,1.56754,1.50,1.87
2018.04.04 23:14:34.634,1.56729,1.56754,1.00,1.50
2018.04.04 23:14:35.175,1.56729,1.56754,1.00,1.87
2018.04.04 23:14:35.912,1.56729,1.56754,1.00,1.87
2018.04.04 23:14:40.687,1.56729,1.56754,1.00,2.25
2018.04.04 23:14:43.060,1.56731,1.56754,1.00,1.50
2018.04.04 23:14:44.585,1.56731,1.56754,1.00,1.00
2018.04.04 23:14:46.695,1.56731,1.56754,1.00,1.50
2018.04.04 23:14:48.360,1.56728,1.56751,1.00,1.00
2018.04.04 23:14:48.412,1.56728,1.56747,1.00,1.12
2018.04.04 23:14:48.463,1.56725,1.56747,1.00,1.12
2018.04.04 23:14:50.214,1.56725,1.56747,1.00,1.37
2018.04.04 23:14:52.589,1.56725,1.56747,1.00,1.12
2018.04.04 23:14:53.198,1.56725,1.56746,1.00,1.00
2018.04.04 23:14:54.668,1.56724,1.56746,1.00,1.12
2018.04.04 23:15:02.320,1.56723,1.56746,1.50,1.12
2018.04.04 23:15:14.394,1.56723,1.56746,1.50,1.50
2018.04.04 23:15:14.952,1.56723,1.56746,1.87,1.12
2018.04.04 23:15:15.004,1.56725,1.56746,1.00,1.00
2018.04.04 23:15:15.311,1.56725,1.56747,2.44,1.00
2018.04.04 23:15:15.362,1.56725,1.56747,4.31,1.00
2018.04.04 23:15:16.292,1.56725,1.56747,2.25,1.00
2018.04.04 23:15:16.395,1.56725,1.56747,1.00,1.50
2018.04.04 23:15:17.038,1.56725,1.56747,1.50,1.50
2018.04.04 23:15:17.584,1.56725,1.56747,2.25,1.00
2018.04.04 23:15:17.895,1.56727,1.56748,4.50,1.00
2018.04.04 23:15:17.947,1.56728,1.56748,2.62,1.00
2018.04.04 23:15:18.450,1.56728,1.56748,1.00,1.00
2018.04.04 23:15:18.553,1.56726,1.56748,1.00,1.50
2018.04.04 23:15:19.008,1.56728,1.56748,3.37,1.00
2018.04.04 23:15:19.111,1.56726,1.56748,1.00,1.12
2018.04.04 23:15:22.686,1.56726,1.56748,1.00,1.50
2018.04.04 23:15:23.811,1.56726,1.56748,1.37,1.37
2018.04.04 23:15:24.118,1.56728,1.56748,2.00,1.00
2018.04.04 23:15:24.448,1.56728,1.56746,1.75,1.00
2018.04.04 23:15:24.551,1.56726,1.56746,1.50,1.00
2018.04.04 23:15:24.605,1.56724,1.56743,4.69,1.00
2018.04.04 23:15:24.657,1.56723,1.56743,2.81,1.00
2018.04.04 23:15:24.709,1.56723,1.56745,2.81,1.00
2018.04.04 23:15:24.761,1.56723,1.56743,2.62,1.00
2018.04.04 23:15:26.594,1.56723,1.56743,2.62,1.00
2018.04.04 23:15:27.304,1.56724,1.56743,2.62,1.00
2018.04.04 23:15:28.641,1.56722,1.56743,1.12,1.00
2018.04.04 23:15:29.939,1.56721,1.56743,2.62,1.00
2018.04.04 23:15:30.586,1.56722,1.56743,4.50,1.00
2018.04.04 23:15:31.263,1.56723,1.56743,3.37,1.00
2018.04.04 23:15:31.585,1.56723,1.56743,1.75,1.00
2018.04.04 23:15:32.583,1.56724,1.56743,2.62,1.00
2018.04.04 23:15:35.460,1.56725,1.56743,1.50,1.00
2018.04.04 23:15:35.563,1.56721,1.56743,1.50,1.00
2018.04.04 23:15:35.614,1.56724,1.56743,2.62,1.00
2018.04.04 23:15:35.665,1.56726,1.56745,1.50,1.00
2018.04.04 23:15:35.716,1.56725,1.56745,1.00,1.00
2018.04.04 23:15:35.768,1.56722,1.56745,1.00,1.00
2018.04.04 23:15:36.282,1.56723,1.56745,1.00,1.00
2018.04.04 23:15:36.700,1.56723,1.56747,1.00,1.12
2018.04.04 23:15:37.205,1.56724,1.56747,1.00,1.12
2018.04.04 23:15:37.691,1.56725,1.56747,2.25,1.12
2018.04.04 23:15:38.000,1.56731,1.56747,1.00,1.00
2018.04.04 23:15:38.102,1.56725,1.56747,4.50,1.00
2018.04.04 23:15:38.636,1.56728,1.56746,1.00,1.00
2018.04.04 23:15:38.687,1.56725,1.56746,1.00,1.00
2018.04.04 23:15:38.790,1.56732,1.56746,1.00,1.00
2018.04.04 23:15:42.634,1.56727,1.56746,1.00,1.00
2018.04.04 23:15:42.736,1.56724,1.56746,1.00,1.00
2018.04.04 23:15:45.941,1.56726,1.56746,2.62,1.00
2018.04.04 23:15:46.636,1.56724,1.56746,2.44,1.00
2018.04.04 23:15:47.321,1.56724,1.56746,1.00,1.00
2018.04.04 23:15:50.640,1.56724,1.56747,1.12,1.00
2018.04.04 23:15:54.477,1.56726,1.56747,1.00,1.00
2018.04.04 23:15:56.634,1.56725,1.56747,1.75,1.00
2018.04.04 23:15:58.636,1.56724,1.56747,1.00,1.50
2018.04.04 23:15:59.643,1.56724,1.56747,1.75,1.00
2018.04.04 23:16:00.190,1.56724,1.56747,1.00,1.00
2018.04.04 23:16:00.634,1.56725,1.56747,2.62,1.00
2018.04.04 23:16:00.685,1.56724,1.56747,1.12,1.50
2018.04.04 23:16:02.590,1.56724,1.56747,1.00,1.50
2018.04.04 23:16:04.693,1.56725,1.56747,2.62,1.00
2018.04.04 23:16:06.582,1.56724,1.56747,3.37,1.37
2018.04.04 23:16:06.634,1.56724,1.56747,1.12,1.50
2018.04.04 23:16:08.417,1.56724,1.56747,1.12,1.12
2018.04.04 23:16:08.622,1.56724,1.56747,3.37,1.00
2018.04.04 23:16:08.725,1.56724,1.56747,1.12,1.00
2018.04.04 23:16:12.322,1.56724,1.56747,3.37,1.00
2018.04.04 23:16:12.425,1.56724,1.56747,1.12,1.00
2018.04.04 23:16:16.621,1.56724,1.56747,1.75,1.00
2018.04.04 23:16:18.688,1.56724,1.56747,1.00,1.00
2018.04.04 23:16:19.238,1.56724,1.56748,1.50,2.25
2018.04.04 23:16:20.709,1.56724,1.56748,1.87,2.25
2018.04.04 23:16:21.193,1.56724,1.56748,2.25,2.25
2018.04.04 23:16:21.296,1.56725,1.56749,1.50,1.00
2018.04.04 23:16:23.444,1.56726,1.56749,1.50,1.00
2018.04.04 23:16:24.368,1.56726,1.56749,1.75,1.00
2018.04.04 23:16:26.169,1.56736,1.56749,1.00,1.00
2018.04.04 23:16:26.777,1.56734,1.56749,1.75,1.00
2018.04.04 23:16:33.241,1.56731,1.56749,1.00,1.00
2018.04.04 23:16:33.292,1.56726,1.56749,2.25,1.00
2018.04.04 23:16:36.640,1.56725,1.56749,1.69,1.12
2018.04.04 23:16:37.338,1.56725,1.56749,1.69,1.50
2018.04.04 23:16:39.081,1.56725,1.56749,1.50,1.00
2018.04.04 23:16:42.593,1.56725,1.56749,1.50,1.87
2018.04.04 23:16:53.828,1.56729,1.56749,1.19,2.25
2018.04.04 23:16:54.174,1.56732,1.56749,1.75,1.50
2018.04.04 23:17:08.082,1.56732,1.56749,1.37,1.00
2018.04.04 23:17:08.133,1.56728,1.56749,1.00,1.00
2018.04.04 23:17:08.235,1.56725,1.56749,2.44,1.00
2018.04.04 23:17:11.412,1.56725,1.56749,2.25,1.00
2018.04.04 23:17:16.978,1.56734,1.56749,1.75,1.00
2018.04.04 23:17:17.030,1.56734,1.56752,1.75,1.00
2018.04.04 23:17:17.083,1.5673,1.56754,1.00,1.87
2018.04.04 23:17:17.187,1.56729,1.56754,1.50,1.75
2018.04.04 23:17:17.838,1.56729,1.56753,1.75,2.62
2018.04.04 23:17:18.172,1.56736,1.56754,1.75,1.00
2018.04.04 23:17:18.581,1.56736,1.56753,1.37,1.37
2018.04.04 23:17:18.633,1.56731,1.56752,1.00,1.00
2018.04.04 23:17:19.156,1.56729,1.56753,2.25,3.37
2018.04.04 23:17:19.695,1.5673,1.56753,2.62,1.50
2018.04.04 23:17:22.838,1.56736,1.56754,1.75,1.50
2018.04.04 23:17:25.862,1.56732,1.56753,1.69,2.62
2018.04.04 23:17:25.966,1.56733,1.56755,1.00,1.50
2018.04.04 23:17:26.018,1.56735,1.56757,1.00,2.44
2018.04.04 23:17:26.070,1.56735,1.56758,1.50,1.00
2018.04.04 23:17:28.673,1.56734,1.56758,1.00,1.50
2018.04.04 23:17:29.690,1.56737,1.56758,2.62,1.50
2018.04.04 23:17:30.204,1.56734,1.56758,1.00,1.50
2018.04.04 23:17:31.635,1.56734,1.56758,1.12,2.25
2018.04.04 23:17:31.791,1.56736,1.56759,1.75,2.25
2018.04.04 23:17:32.154,1.56736,1.56758,3.56,1.50
2018.04.04 23:17:32.206,1.56737,1.56758,4.69,1.50
2018.04.04 23:17:32.514,1.56741,1.5676,2.62,1.00
2018.04.04 23:17:33.032,1.56741,1.56761,2.62,1.00
2018.04.04 23:17:33.796,1.56742,1.56761,2.62,1.00
2018.04.04 23:17:33.899,1.56744,1.56762,1.00,1.50
2018.04.04 23:17:33.951,1.56739,1.56762,1.00,1.50
2018.04.04 23:17:34.108,1.56739,1.56762,3.37,1.50
2018.04.04 23:17:34.458,1.56742,1.56762,1.75,1.50
2018.04.04 23:17:35.023,1.56742,1.56762,2.62,1.00
2018.04.04 23:17:35.126,1.56742,1.56762,1.75,1.00
2018.04.04 23:17:37.492,1.56742,1.56763,2.62,2.25
2018.04.04 23:17:46.219,1.56742,1.5676,3.00,1.00
2018.04.04 23:17:46.329,1.56742,1.56762,3.00,1.50
2018.04.04 23:17:46.851,1.56742,1.56762,2.62,1.00
2018.04.04 23:17:47.917,1.56744,1.56762,1.75,1.00
2018.04.04 23:17:47.969,1.56741,1.56762,1.75,1.00
2018.04.04 23:17:48.886,1.56742,1.56762,2.62,1.00
2018.04.04 23:17:51.064,1.56742,1.56762,4.50,1.00
2018.04.04 23:17:51.619,1.56744,1.56762,1.75,1.00
2018.04.04 23:17:52.750,1.56738,1.56762,2.00,1.00
2018.04.04 23:17:52.801,1.56738,1.56762,1.00,1.00
2018.04.04 23:17:52.904,1.56743,1.56762,1.75,1.00
2018.04.04 23:17:54.920,1.56742,1.56758,3.37,1.00
2018.04.04 23:17:55.023,1.56739,1.56758,1.69,1.00
2018.04.04 23:17:55.075,1.56739,1.56758,1.00,1.00
2018.04.04 23:17:55.578,1.56739,1.56757,1.00,1.00
2018.04.04 23:17:58.653,1.56738,1.56757,1.00,1.00
2018.04.04 23:18:01.458,1.56738,1.56757,1.37,1.00
2018.04.04 23:18:01.766,1.56744,1.56757,3.37,1.00
2018.04.04 23:18:01.870,1.56741,1.56757,1.69,1.00
2018.04.04 23:18:01.923,1.56738,1.56757,2.25,1.00
2018.04.04 23:18:01.975,1.56738,1.56755,2.25,1.00
2018.04.04 23:18:02.027,1.56735,1.56755,1.50,1.00
2018.04.04 23:18:02.289,1.56739,1.56755,1.75,1.00
2018.04.04 23:18:03.313,1.56739,1.56754,1.94,1.00
2018.04.04 23:18:03.365,1.56739,1.56756,1.94,1.00
2018.04.04 23:18:03.418,1.56738,1.56756,1.94,1.00
2018.04.04 23:18:03.521,1.56739,1.56757,2.25,1.00
2018.04.04 23:18:03.846,1.56742,1.5676,2.25,1.00
2018.04.04 23:18:04.897,1.56743,1.5676,3.37,1.00
2018.04.04 23:18:05.428,1.56744,1.5676,1.75,1.00
2018.04.04 23:18:06.871,1.56743,1.5676,1.75,1.00
2018.04.04 23:18:06.975,1.56746,1.5676,1.75,1.00
2018.04.04 23:18:07.352,1.56744,1.56759,1.50,1.00
2018.04.04 23:18:07.404,1.56742,1.56759,1.00,1.00
2018.04.04 23:18:07.456,1.56745,1.56759,3.37,1.00
2018.04.04 23:18:08.587,1.56748,1.56759,1.00,1.00
2018.04.04 23:18:08.690,1.56744,1.56759,1.50,1.00
2018.04.04 23:18:08.742,1.56741,1.56759,1.19,1.00
2018.04.04 23:18:08.794,1.5674,1.56759,1.00,1.00
2018.04.04 23:18:10.889,1.56739,1.56759,1.87,1.00
2018.04.04 23:18:13.339,1.56739,1.56759,2.25,1.00
2018.04.04 23:18:18.699,1.56745,1.56759,1.75,1.00
2018.04.04 23:18:20.642,1.56745,1.56758,2.25,1.00
2018.04.04 23:18:20.694,1.56745,1.56758,1.50,1.00
2018.04.04 23:18:20.746,1.56737,1.56755,2.25,1.00
2018.04.04 23:18:20.799,1.56735,1.56755,1.12,1.00
2018.04.04 23:18:26.360,1.56735,1.56753,1.12,1.00
2018.04.04 23:18:31.772,1.56734,1.56755,1.50,1.00
2018.04.04 23:18:31.875,1.56736,1.56755,1.50,1.00
2018.04.04 23:18:32.378,1.56736,1.56756,1.50,1.00
2018.04.04 23:18:35.197,1.56739,1.56756,1.00,1.00
2018.04.04 23:18:35.524,1.56743,1.56756,3.37,1.00
2018.04.04 23:18:37.591,1.56743,1.56756,1.75,1.00
2018.04.04 23:18:37.693,1.56742,1.56756,1.00,1.00
2018.04.04 23:18:37.800,1.56738,1.56756,1.50,1.00
2018.04.04 23:18:42.768,1.56744,1.56756,2.62,1.00
2018.04.04 23:18:46.094,1.56742,1.56756,1.50,1.00
2018.04.04 23:18:46.764,1.56742,1.56756,1.00,1.00
2018.04.04 23:18:50.535,1.56742,1.56757,1.00,1.00
2018.04.04 23:18:53.330,1.56744,1.56757,2.62,1.00
2018.04.04 23:19:00.131,1.56739,1.56757,2.25,1.00
2018.04.04 23:19:00.183,1.56742,1.56757,1.75,1.00
2018.04.04 23:19:00.395,1.56739,1.56757,1.87,1.00
2018.04.04 23:19:00.661,1.56741,1.56757,1.75,1.00
2018.04.04 23:19:01.098,1.56744,1.56757,1.75,1.00
2018.04.04 23:19:02.073,1.56742,1.56757,1.75,1.00
2018.04.04 23:19:02.749,1.56744,1.56757,1.75,1.00
2018.04.04 23:19:04.757,1.56744,1.56757,1.50,1.00
2018.04.04 23:19:05.945,1.56739,1.56756,1.94,1.00
2018.04.04 23:19:06.048,1.56738,1.56757,1.50,1.00
2018.04.04 23:19:06.585,1.56738,1.56758,1.50,1.00
2018.04.04 23:19:12.635,1.56738,1.56758,1.00,1.00
2018.04.04 23:19:13.924,1.56738,1.56758,1.50,1.00
2018.04.04 23:19:15.739,1.56738,1.56758,1.50,1.00
2018.04.04 23:19:20.097,1.56738,1.56758,2.25,1.00
2018.04.04 23:19:26.928,1.56738,1.56758,2.25,1.00
2018.04.04 23:19:27.490,1.5674,1.56758,1.00,1.00
2018.04.04 23:19:27.957,1.56742,1.56758,4.12,1.00
2018.04.04 23:19:29.416,1.56742,1.56758,1.50,1.00
2018.04.04 23:19:29.519,1.56738,1.56758,1.87,1.00
2018.04.04 23:19:29.673,1.56741,1.56758,2.62,1.00
2018.04.04 23:19:31.236,1.56739,1.56758,1.00,1.00
2018.04.04 23:19:31.915,1.56738,1.56758,1.50,1.00
2018.04.04 23:19:32.098,1.56739,1.56758,2.62,1.00
2018.04.04 23:19:32.626,1.5674,1.56758,2.62,1.00
2018.04.04 23:19:33.900,1.56739,1.56758,3.37,1.00
2018.04.04 23:19:38.570,1.5674,1.56758,2.62,1.00
2018.04.04 23:19:41.555,1.56739,1.56758,3.00,1.00
2018.04.04 23:19:41.607,1.56738,1.56758,1.25,1.00
2018.04.04 23:19:43.247,1.56737,1.56757,1.87,1.00
2018.04.04 23:19:44.269,1.56735,1.56753,2.25,1.00
2018.04.04 23:19:44.578,1.56741,1.56752,2.62,1.00
2018.04.04 23:19:44.886,1.56744,1.56753,3.37,1.00
2018.04.04 23:19:45.454,1.56744,1.56754,3.37,1.00
2018.04.04 23:19:45.661,1.5674,1.56754,1.75,1.00
2018.04.04 23:19:45.712,1.56739,1.56754,1.00,1.00
2018.04.04 23:19:45.764,1.56735,1.56752,1.50,1.00
2018.04.04 23:19:45.815,1.56733,1.56752,2.25,1.00
2018.04.04 23:19:47.497,1.56734,1.56751,1.75,1.00
2018.04.04 23:19:47.672,1.56733,1.5675,2.25,1.00
2018.04.04 23:19:47.774,1.56738,1.5675,1.75,1.00
2018.04.04 23:19:47.977,1.56733,1.56748,1.00,1.00
2018.04.04 23:19:48.502,1.56733,1.56748,1.37,1.00
2018.04.04 23:19:48.804,1.56737,1.56748,2.62,1.00
2018.04.04 23:19:49.638,1.56735,1.56748,3.37,1.00
2018.04.04 23:19:49.895,1.56738,1.56748,1.75,1.00
2018.04.04 23:19:49.948,1.56735,1.56748,2.25,1.00
2018.04.04 23:19:50.307,1.56734,1.56746,4.50,1.00
2018.04.04 23:19:50.359,1.56731,1.56746,2.25,1.00
2018.04.04 23:19:50.462,1.56729,1.56746,1.50,1.00
2018.04.04 23:19:51.586,1.56729,1.56746,1.87,1.00
2018.04.04 23:19:54.229,1.56732,1.56746,2.62,1.00
2018.04.04 23:19:54.583,1.56732,1.56746,4.50,1.00
2018.04.04 23:19:55.355,1.56733,1.56746,5.25,1.00
2018.04.04 23:19:55.642,1.56732,1.56746,2.62,1.00
2018.04.04 23:19:58.851,1.5673,1.56746,1.00,1.00
2018.04.04 23:19:59.454,1.56729,1.56746,1.50,1.00
2018.04.04 23:20:01.107,1.56729,1.56746,1.37,1.00
2018.04.04 23:20:01.730,1.56731,1.56746,1.75,1.00
2018.04.04 23:20:03.183,1.56731,1.56746,2.25,1.00
2018.04.04 23:20:03.695,1.56729,1.56746,1.94,1.00
2018.04.04 23:20:04.266,1.56729,1.56745,1.94,1.00
2018.04.04 23:20:06.525,1.5673,1.56745,2.62,1.00
2018.04.04 23:20:06.628,1.56732,1.56745,2.62,1.00
2018.04.04 23:20:07.617,1.56729,1.56743,3.56,1.00
2018.04.04 23:20:07.669,1.56732,1.56743,2.62,1.00
2018.04.04 23:20:08.226,1.56733,1.56743,2.81,1.00
2018.04.04 23:20:08.658,1.56733,1.56745,2.81,1.00
2018.04.04 23:20:08.812,1.56734,1.56745,3.94,1.00
2018.04.04 23:20:08.915,1.56736,1.56746,2.25,1.00
2018.04.04 23:20:09.457,1.56735,1.56746,2.44,1.00
2018.04.04 23:20:09.597,1.56733,1.56746,1.00,1.00
2018.04.04 23:20:09.648,1.5673,1.56746,1.00,1.00
2018.04.04 23:20:10.187,1.56729,1.56746,1.50,1.00
2018.04.04 23:20:10.478,1.56731,1.56746,1.00,1.00
2018.04.04 23:20:10.869,1.56734,1.56746,2.00,1.00
2018.04.04 23:20:11.632,1.5673,1.56746,1.00,1.00
2018.04.04 23:20:12.189,1.56729,1.56746,1.31,1.00
2018.04.04 23:20:16.000,1.56732,1.56746,2.44,1.00
2018.04.04 23:20:17.638,1.5673,1.56746,1.19,1.00
2018.04.04 23:20:17.689,1.56728,1.56746,1.69,1.00
2018.04.04 23:20:22.389,1.56735,1.56746,1.00,1.00
2018.04.04 23:20:22.749,1.56735,1.56746,1.19,1.00
2018.04.04 23:20:23.425,1.56735,1.56746,3.56,1.00
2018.04.04 23:20:34.147,1.56733,1.56748,1.69,1.00
2018.04.04 23:20:34.198,1.56731,1.56748,1.50,1.00
2018.04.04 23:20:35.020,1.56736,1.56746,3.37,1.00
2018.04.04 23:20:35.583,1.56736,1.56747,3.37,1.00
2018.04.04 23:20:35.635,1.56731,1.56747,2.25,1.00
2018.04.04 23:20:37.745,1.56728,1.56747,3.19,1.00
2018.04.04 23:20:38.984,1.56729,1.56747,1.75,1.00
2018.04.04 23:20:43.601,1.56736,1.56747,3.37,1.00
2018.04.04 23:20:44.204,1.56736,1.56746,4.69,1.00
2018.04.04 23:20:44.544,1.56739,1.56747,1.75,1.00
2018.04.04 23:20:56.179,1.56732,1.56747,3.00,1.00
2018.04.04 23:20:56.231,1.56732,1.56747,2.25,1.00
2018.04.04 23:21:02.891,1.56732,1.56748,1.75,1.00
2018.04.04 23:21:03.396,1.5673,1.56748,1.75,1.00
2018.04.04 23:21:03.876,1.5673,1.56751,1.75,1.00
2018.04.04 23:21:31.201,1.5673,1.56751,2.25,1.00
2018.04.04 23:21:33.586,1.5673,1.56751,2.25,1.00
2018.04.04 23:21:33.637,1.5673,1.56751,1.50,1.00
2018.04.04 23:21:40.051,1.56736,1.56751,2.62,1.00
2018.04.04 23:21:46.526,1.56744,1.56752,1.75,1.00
2018.04.04 23:21:47.057,1.56747,1.56753,1.00,1.00
2018.04.04 23:21:52.214,1.56744,1.56753,1.75,1.00
2018.04.04 23:21:52.998,1.56744,1.56754,1.75,1.00
2018.04.04 23:21:54.359,1.56744,1.56754,1.50,1.00
2018.04.04 23:21:54.462,1.56741,1.56754,1.00,1.00
2018.04.04 23:21:55.635,1.56734,1.56754,3.19,1.00
2018.04.04 23:21:55.686,1.56736,1.56754,1.75,1.00
2018.04.04 23:21:56.377,1.56737,1.56754,2.62,1.00
2018.04.04 23:21:56.963,1.56739,1.56754,1.75,1.00
2018.04.04 23:21:58.499,1.56739,1.56754,3.37,1.00
2018.04.04 23:21:59.635,1.56741,1.56754,1.75,1.00
2018.04.04 23:22:00.085,1.56735,1.56754,1.69,1.00
2018.04.04 23:22:00.188,1.5674,1.56754,1.75,1.00
2018.04.04 23:22:00.291,1.56736,1.56754,1.75,1.00
2018.04.04 23:22:00.922,1.56736,1.56753,1.75,1.00
2018.04.04 23:22:01.632,1.56736,1.56753,1.50,1.00
2018.04.04 23:22:02.638,1.56736,1.56753,1.50,1.00
2018.04.04 23:22:03.590,1.56736,1.56753,1.00,1.00
2018.04.04 23:22:04.264,1.56735,1.56753,1.00,1.00
2018.04.04 23:22:04.919,1.56735,1.56753,2.62,1.00
2018.04.04 23:22:05.227,1.56743,1.56753,1.75,1.00
2018.04.04 23:22:07.617,1.5674,1.56753,1.75,1.00
2018.04.04 23:22:07.864,1.56738,1.56753,1.12,1.00
2018.04.04 23:22:07.967,1.56736,1.56753,1.12,1.00
2018.04.04 23:22:08.135,1.56736,1.56753,1.75,1.00
2018.04.04 23:22:08.558,1.5674,1.56753,1.75,1.00
2018.04.04 23:22:09.557,1.5674,1.56753,1.00,1.00
2018.04.04 23:22:09.608,1.56736,1.56753,1.75,1.00
2018.04.04 23:22:10.204,1.56733,1.56753,3.37,1.00
2018.04.04 23:22:11.403,1.56733,1.56753,5.25,1.00
2018.04.04 23:22:11.710,1.56741,1.56753,1.75,1.00
2018.04.04 23:22:13.689,1.56739,1.56753,1.50,1.00
2018.04.04 23:22:13.740,1.56732,1.56753,2.00,1.00
2018.04.04 23:22:14.498,1.56733,1.56752,1.50,1.00
2018.04.04 23:22:19.013,1.56732,1.56752,1.50,1.00
2018.04.04 23:22:19.065,1.5674,1.56752,2.25,1.00
2018.04.04 23:22:19.587,1.56739,1.56752,1.75,1.00
2018.04.04 23:22:20.110,1.56738,1.56752,1.75,1.00
2018.04.04 23:22:20.543,1.56739,1.56752,1.75,1.00
2018.04.04 23:22:20.646,1.56738,1.56752,1.75,1.00
2018.04.04 23:22:20.698,1.56738,1.56759,1.75,1.00
2018.04.04 23:22:20.836,1.5674,1.56754,3.37,1.00
2018.04.04 23:22:21.096,1.56743,1.56762,4.12,1.00
2018.04.04 23:22:21.353,1.56747,1.56763,2.62,1.00
2018.04.04 23:22:21.455,1.56747,1.56763,2.25,1.00
2018.04.04 23:22:21.964,1.56744,1.56764,2.25,1.00
2018.04.04 23:22:22.344,1.56752,1.56764,2.62,1.00
2018.04.04 23:22:22.661,1.56746,1.56764,1.00,1.00
2018.04.04 23:22:22.967,1.56743,1.56762,1.50,1.00
2018.04.04 23:22:23.474,1.56743,1.56761,1.00,1.00
2018.04.04 23:22:24.722,1.56738,1.56754,1.75,1.00
2018.04.04 23:22:24.774,1.56734,1.56754,1.50,1.00
2018.04.04 23:22:25.401,1.56734,1.56755,1.50,1.00
2018.04.04 23:22:28.153,1.56734,1.56755,1.50,1.00
2018.04.04 23:22:28.589,1.56734,1.56755,1.50,1.00
2018.04.04 23:22:29.172,1.56736,1.56755,2.62,1.00
2018.04.04 23:22:29.275,1.56739,1.56756,1.00,1.00
2018.04.04 23:22:29.746,1.56737,1.56759,2.25,1.00
2018.04.04 23:22:31.941,1.56737,1.56759,2.25,1.00
2018.04.04 23:22:35.825,1.56737,1.56759,2.25,1.00
2018.04.04 23:22:36.298,1.56746,1.56759,1.75,1.00
2018.04.04 23:22:36.416,1.56745,1.56757,1.50,1.00
2018.04.04 23:22:36.519,1.56738,1.56757,1.94,1.00
2018.04.04 23:22:36.867,1.5674,1.56759,1.12,1.00
2018.04.04 23:22:36.920,1.5674,1.56759,3.37,1.00
2018.04.04 23:22:37.027,1.5674,1.56763,3.37,1.00
2018.04.04 23:22:37.588,1.5674,1.56764,1.75,1.00
2018.04.04 23:22:38.599,1.5674,1.56763,1.75,1.00
2018.04.04 23:22:38.733,1.5674,1.56763,1.75,1.00
2018.04.04 23:22:39.604,1.5674,1.56763,1.00,1.00
2018.04.04 23:22:44.737,1.5674,1.56762,1.00,1.00
2018.04.04 23:22:44.865,1.5674,1.56762,3.00,1.00
2018.04.04 23:22:45.386,1.5674,1.56762,1.75,1.00
2018.04.04 23:22:50.890,1.56741,1.56762,3.37,1.00
2018.04.04 23:22:51.205,1.56743,1.56761,1.00,1.00
2018.04.04 23:22:51.886,1.5674,1.56761,2.00,1.00
2018.04.04 23:22:52.256,1.56745,1.56761,2.62,1.00
2018.04.04 23:22:52.476,1.56743,1.56761,1.00,1.00
2018.04.04 23:22:52.528,1.56739,1.56761,2.44,1.00
2018.04.04 23:22:52.886,1.56739,1.5676,1.00,1.00
2018.04.04 23:22:53.533,1.56739,1.56759,1.50,1.00
2018.04.04 23:22:55.187,1.56739,1.56759,1.00,1.00
2018.04.04 23:22:56.927,1.56739,1.56759,2.44,1.00
2018.04.04 23:23:00.709,1.5674,1.56757,1.31,1.00
2018.04.04 23:23:00.814,1.56745,1.56762,1.00,1.12
2018.04.04 23:23:00.918,1.56745,1.56766,1.50,1.00
2018.04.04 23:23:01.461,1.56745,1.56765,1.50,1.00
2018.04.04 23:23:02.272,1.56746,1.56765,1.00,1.00
2018.04.04 23:23:02.363,1.56746,1.56767,1.50,1.00
2018.04.04 23:23:02.414,1.56751,1.56767,1.87,1.00
2018.04.04 23:23:02.783,1.56749,1.56765,2.81,1.00
2018.04.04 23:23:03.492,1.56748,1.56765,3.56,1.00
2018.04.04 23:23:03.595,1.56748,1.56765,1.19,1.00
2018.04.04 23:23:03.647,1.56747,1.56767,1.69,1.00
2018.04.04 23:23:03.699,1.56747,1.56769,1.50,1.00
2018.04.04 23:23:04.431,1.56748,1.56769,1.00,1.00
2018.04.04 23:23:04.585,1.56748,1.56769,4.87,1.00
2018.04.04 23:23:05.146,1.56748,1.56769,1.31,1.00
2018.04.04 23:23:05.656,1.56748,1.56769,1.00,1.00
2018.04.04 23:23:07.355,1.56751,1.56769,1.75,1.00
2018.04.04 23:23:08.958,1.56751,1.56769,2.44,1.00
2018.04.04 23:23:09.112,1.56749,1.56769,1.31,1.00
2018.04.04 23:23:09.318,1.56749,1.56769,1.31,1.00
2018.04.04 23:23:09.370,1.56748,1.56769,1.69,1.00
2018.04.04 23:23:09.495,1.5675,1.56769,2.00,1.00
2018.04.04 23:23:11.645,1.56748,1.56769,3.94,1.00
2018.04.04 23:23:12.352,1.56748,1.56769,1.94,1.00
2018.04.04 23:23:12.404,1.56748,1.56769,1.25,1.00
2018.04.04 23:23:16.831,1.56748,1.56769,1.31,1.00
2018.04.04 23:23:16.883,1.5675,1.56769,2.62,1.00
2018.04.04 23:23:19.636,1.56749,1.56769,4.31,1.00
2018.04.04 23:23:20.148,1.56751,1.56769,2.44,1.00
2018.04.04 23:23:20.940,1.56751,1.56769,4.31,1.00
2018.04.04 23:23:29.215,1.56749,1.56769,1.69,1.00
2018.04.04 23:23:29.376,1.56748,1.56769,1.19,1.00
2018.04.04 23:23:29.588,1.56748,1.56769,1.25,1.00
2018.04.04 23:23:30.965,1.56748,1.56769,1.62,1.00
2018.04.04 23:23:36.061,1.56749,1.56769,6.94,1.00
2018.04.04 23:23:36.368,1.56751,1.56769,1.00,1.00
2018.04.04 23:23:36.471,1.56748,1.56769,1.19,1.00
2018.04.04 23:23:37.117,1.56748,1.56769,1.94,1.00
2018.04.04 23:23:37.892,1.56748,1.56769,1.00,1.00
2018.04.04 23:23:40.309,1.56748,1.56769,2.00,1.00
2018.04.04 23:23:40.748,1.56752,1.56769,2.44,1.00
2018.04.04 23:23:41.642,1.56749,1.56769,3.56,1.00
2018.04.04 23:23:42.399,1.56749,1.56769,2.81,1.00
2018.04.04 23:23:47.318,1.56749,1.56769,4.69,1.00
2018.04.04 23:23:48.013,1.56752,1.56769,2.44,1.00
2018.04.04 23:23:48.858,1.56752,1.5677,1.75,1.00
2018.04.04 23:23:48.910,1.56752,1.5677,1.00,1.00
2018.04.04 23:23:48.962,1.56749,1.5677,1.19,1.00
2018.04.04 23:23:49.511,1.56749,1.56772,1.00,1.00
2018.04.04 23:23:51.943,1.56748,1.5677,1.87,1.00
2018.04.04 23:23:53.092,1.56746,1.56768,1.31,1.00
2018.04.04 23:23:53.400,1.56743,1.56762,1.00,1.00
2018.04.04 23:23:53.452,1.56741,1.56762,1.25,1.00
2018.04.04 23:23:54.035,1.5674,1.56761,1.00,1.00
2018.04.04 23:23:54.704,1.56741,1.56762,1.00,1.00
2018.04.04 23:23:54.859,1.56743,1.56762,1.94,1.00
2018.04.04 23:23:56.130,1.56743,1.56762,1.56,1.00
2018.04.04 23:23:56.182,1.56742,1.56761,1.12,1.00
2018.04.04 23:23:56.695,1.56741,1.56761,1.00,1.00
2018.04.04 23:23:59.523,1.56743,1.56761,1.75,1.00
2018.04.04 23:24:00.050,1.56743,1.56761,1.12,1.00
2018.04.04 23:24:00.607,1.56741,1.56761,2.00,1.00
2018.04.04 23:24:00.939,1.56746,1.56764,1.94,1.00
2018.04.04 23:24:01.633,1.56745,1.56764,2.44,1.00
2018.04.04 23:24:02.177,1.56745,1.56764,3.19,1.00
2018.04.04 23:24:03.687,1.56745,1.56764,2.44,1.00
2018.04.04 23:24:04.226,1.56745,1.56764,2.44,1.00
2018.04.04 23:24:04.942,1.56745,1.56764,1.19,1.00
2018.04.04 23:24:05.313,1.56745,1.56764,1.25,1.00
2018.04.04 23:24:05.890,1.56745,1.56765,1.12,1.00
2018.04.04 23:24:06.586,1.56745,1.56765,1.50,1.00
2018.04.04 23:24:07.161,1.56745,1.56764,1.12,1.00
2018.04.04 23:24:17.350,1.56745,1.56764,1.31,1.00
2018.04.04 23:24:18.162,1.56745,1.56764,1.00,1.00
2018.04.04 23:24:22.743,1.56744,1.56764,1.25,1.00
2018.04.04 23:24:22.947,1.56744,1.56764,3.19,1.00
2018.04.04 23:24:25.640,1.56744,1.56765,1.69,1.00
2018.04.04 23:24:25.692,1.56744,1.56765,1.25,1.00
2018.04.04 23:24:30.363,1.56743,1.56765,1.00,1.00
2018.04.04 23:24:30.415,1.56743,1.56763,1.00,1.00
2018.04.04 23:24:30.943,1.56742,1.56762,1.69,1.00
2018.04.04 23:24:31.252,1.56744,1.56763,2.25,1.00
2018.04.04 23:24:31.896,1.56744,1.56764,4.69,1.00
2018.04.04 23:24:34.587,1.56744,1.56764,4.69,1.00
2018.04.04 23:24:35.334,1.56744,1.56764,1.50,1.00
2018.04.04 23:24:35.646,1.56744,1.56764,3.94,1.00
2018.04.04 23:24:36.590,1.56744,1.56764,3.94,1.00
2018.04.04 23:24:36.642,1.56744,1.56764,1.69,1.00
2018.04.04 23:24:37.256,1.56744,1.56764,1.69,1.00
2018.04.04 23:24:38.589,1.56744,1.56764,3.94,1.00
2018.04.04 23:24:38.641,1.56744,1.56764,1.69,1.00
2018.04.04 23:24:39.785,1.56744,1.56764,1.25,1.00
2018.04.04 23:24:39.997,1.56744,1.56764,1.75,1.00
2018.04.04 23:24:40.617,1.56744,1.56764,4.69,1.00
2018.04.04 23:24:41.591,1.56744,1.56764,4.31,1.00
2018.04.04 23:24:41.642,1.56744,1.56764,1.69,1.00
2018.04.04 23:24:42.784,1.56744,1.56764,1.87,1.00
2018.04.04 23:24:43.144,1.56746,1.56764,2.06,1.00
2018.04.04 23:24:43.196,1.56745,1.56764,1.00,1.00
2018.04.04 23:24:46.272,1.56745,1.56763,1.00,1.00
2018.04.04 23:24:46.375,1.56741,1.56762,1.69,1.00
2018.04.04 23:24:46.884,1.56741,1.56762,1.19,1.00
2018.04.04 23:24:47.435,1.56741,1.56762,1.00,1.00
2018.04.04 23:24:53.689,1.56738,1.56759,1.19,1.00
2018.04.04 23:24:53.741,1.56735,1.56758,2.06,1.00
2018.04.04 23:24:53.844,1.56735,1.56754,1.25,1.00
2018.04.04 23:24:59.338,1.56738,1.56754,1.75,1.00
2018.04.04 23:24:59.800,1.56736,1.56754,2.44,1.00
2018.04.04 23:24:59.853,1.56735,1.56754,1.25,1.00
2018.04.04 23:25:00.478,1.56734,1.56754,1.50,1.00
2018.04.04 23:25:00.534,1.56731,1.56753,2.06,1.00
2018.04.04 23:25:01.143,1.56731,1.56753,2.06,1.00
2018.04.04 23:25:01.640,1.56731,1.56753,2.44,1.00
2018.04.04 23:25:02.166,1.56732,1.56753,1.00,1.00
2018.04.04 23:25:04.232,1.56729,1.5675,2.00,1.00
2018.04.04 23:25:04.283,1.56729,1.5675,1.25,1.00
2018.04.04 23:25:04.720,1.56732,1.5675,1.00,1.00
2018.04.04 23:25:04.823,1.56729,1.5675,1.00,1.00
2018.04.04 23:25:08.586,1.56731,1.5675,1.00,1.00
2018.04.04 23:25:10.379,1.56729,1.5675,1.00,1.00
2018.04.04 23:25:10.945,1.56729,1.56751,1.00,1.00
2018.04.04 23:25:23.671,1.56732,1.56751,1.12,1.00
2018.04.04 23:25:24.005,1.56735,1.56751,2.62,1.00
2018.04.04 23:25:26.180,1.56731,1.56751,2.00,1.00
2018.04.04 23:25:26.231,1.56731,1.56751,1.25,1.00
2018.04.04 23:25:26.757,1.5673,1.56751,1.25,1.00
2018.04.04 23:25:29.898,1.5673,1.56751,2.00,1.00
2018.04.04 23:25:30.205,1.56735,1.56751,2.81,1.00
2018.04.04 23:25:34.289,1.56733,1.56751,1.75,1.00
2018.04.04 23:25:34.393,1.56728,1.56751,3.56,1.00
2018.04.04 23:25:35.540,1.56728,1.56751,2.81,1.00
2018.04.04 23:25:35.642,1.56736,1.56751,2.62,1.00
2018.04.04 23:25:37.235,1.56734,1.56751,3.56,1.00
2018.04.04 23:25:37.337,1.56734,1.56751,1.00,1.00
2018.04.04 23:25:37.389,1.56728,1.56751,2.06,1.00
2018.04.04 23:25:37.721,1.56728,1.56751,2.44,1.00
2018.04.04 23:25:38.527,1.56729,1.56751,2.81,1.00
2018.04.04 23:25:39.590,1.56733,1.56751,2.25,1.00
2018.04.04 23:25:40.996,1.56734,1.5675,1.00,1.00
2018.04.04 23:25:41.048,1.56728,1.5675,1.69,1.00
2018.04.04 23:25:41.204,1.56726,1.56746,3.37,1.00
2018.04.04 23:25:41.407,1.56725,1.56746,1.50,1.00
2018.04.04 23:25:41.509,1.56727,1.56746,1.75,1.00
2018.04.04 23:25:41.765,1.56728,1.56748,2.81,1.00
2018.04.04 23:25:41.919,1.56727,1.56747,1.94,1.00
2018.04.04 23:25:42.022,1.56727,1.56747,1.00,1.00
2018.04.04 23:25:42.538,1.56724,1.56747,5.44,1.00
2018.04.04 23:25:42.641,1.56725,1.56747,1.00,1.00
2018.04.04 23:25:42.746,1.56723,1.56747,1.69,1.00
2018.04.04 23:25:44.256,1.56723,1.56747,1.87,1.00
2018.04.04 23:25:44.803,1.56728,1.56747,2.25,1.00
2018.04.04 23:25:48.593,1.56728,1.56747,1.50,1.00
2018.04.04 23:25:48.645,1.56725,1.56747,1.50,1.00
2018.04.04 23:25:49.597,1.56727,1.56747,2.25,1.00
2018.04.04 23:25:50.409,1.56729,1.56747,1.75,1.00
2018.04.04 23:25:50.987,1.56728,1.56746,1.75,1.00
2018.04.04 23:25:51.039,1.56728,1.56748,1.75,1.00
2018.04.04 23:25:51.090,1.56725,1.56748,1.00,1.00
2018.04.04 23:25:51.193,1.56732,1.56748,1.00,1.00
2018.04.04 23:25:51.296,1.56727,1.56748,1.94,1.00
2018.04.04 23:25:58.949,1.56727,1.56748,1.94,1.00
2018.04.04 23:25:59.455,1.56726,1.56748,2.00,1.00
2018.04.04 23:25:59.967,1.56726,1.56748,3.56,1.00
2018.04.04 23:26:00.693,1.56728,1.56748,1.75,1.00
2018.04.04 23:26:02.504,1.56724,1.56748,1.69,1.00
2018.04.04 23:26:02.556,1.56726,1.56748,2.62,1.00
2018.04.04 23:26:03.006,1.56729,1.56748,2.25,1.00
2018.04.04 23:26:03.302,1.56726,1.56748,6.19,1.00
2018.04.04 23:26:03.616,1.56725,1.56748,1.19,1.00
2018.04.04 23:26:03.668,1.56724,1.56748,1.25,1.00
2018.04.04 23:26:05.038,1.56723,1.56748,2.25,1.00
2018.04.04 23:26:05.141,1.56724,1.56748,6.94,1.00
2018.04.04 23:26:06.029,1.56724,1.56748,2.44,1.00
2018.04.04 23:26:06.132,1.56723,1.56748,2.44,1.00
2018.04.04 23:26:06.639,1.56723,1.56748,2.62,1.00
2018.04.04 23:26:06.779,1.56723,1.56748,4.50,1.00
2018.04.04 23:26:07.120,1.56726,1.56748,2.00,1.00
2018.04.04 23:26:07.904,1.56725,1.56748,1.00,1.00
2018.04.04 23:26:08.547,1.56724,1.56748,1.50,1.00
2018.04.04 23:26:14.612,1.56724,1.56748,2.44,1.00
2018.04.04 23:26:14.715,1.56724,1.56748,2.44,1.00
2018.04.04 23:26:20.902,1.56724,1.56748,4.50,1.00
2018.04.04 23:26:21.933,1.56724,1.56748,2.25,1.00
2018.04.04 23:26:26.827,1.56725,1.56748,1.19,1.00
2018.04.04 23:26:27.166,1.56726,1.56748,2.81,1.00
2018.04.04 23:26:28.651,1.56725,1.56748,1.75,1.00
2018.04.04 23:26:28.702,1.56725,1.56748,1.00,1.00
2018.04.04 23:26:29.419,1.56724,1.56748,2.25,1.00
2018.04.04 23:26:39.022,1.56724,1.56747,1.56,1.50
2018.04.04 23:26:39.326,1.56728,1.56745,1.19,1.00
2018.04.04 23:26:39.481,1.56726,1.56748,2.62,1.50
2018.04.04 23:26:39.533,1.56728,1.56748,2.25,1.50
2018.04.04 23:26:40.078,1.56729,1.56748,1.75,1.00
2018.04.04 23:26:41.687,1.5673,1.56748,1.75,1.00
2018.04.04 23:26:44.013,1.5673,1.56748,1.75,1.00
2018.04.04 23:26:44.886,1.56733,1.56746,1.00,1.00
2018.04.04 23:26:44.938,1.5673,1.56746,1.50,1.00
2018.04.04 23:26:44.990,1.56726,1.56743,1.00,1.00
2018.04.04 23:26:45.110,1.56723,1.56742,1.50,1.00
2018.04.04 23:26:47.145,1.56723,1.56742,1.56,1.00
2018.04.04 23:26:47.624,1.56728,1.56741,1.75,1.00
2018.04.04 23:26:47.676,1.56724,1.56741,2.25,1.50
2018.04.04 23:26:52.001,1.56724,1.56741,1.75,1.50
2018.04.04 23:26:52.053,1.56724,1.56743,1.75,1.50
2018.04.04 23:26:52.106,1.56723,1.56744,1.87,1.50
2018.04.04 23:26:52.209,1.56718,1.56744,3.94,1.50
2018.04.04 23:26:52.939,1.5672,1.56745,1.00,1.00
2018.04.04 23:27:06.795,1.56722,1.56747,1.00,1.00
2018.04.04 23:27:07.299,1.56723,1.56747,1.00,1.00
2018.04.04 23:27:17.353,1.56722,1.56747,1.00,1.50
2018.04.04 23:27:18.030,1.56721,1.56747,1.50,1.50
2018.04.04 23:27:28.499,1.56723,1.56747,1.00,1.00
2018.04.04 23:27:31.688,1.56721,1.56747,1.69,1.00
2018.04.04 23:27:36.153,1.56723,1.56747,1.00,1.00
2018.04.04 23:27:39.264,1.56721,1.56747,2.44,1.00
2018.04.04 23:27:41.564,1.56722,1.56747,3.75,1.00
2018.04.04 23:27:47.144,1.56722,1.56745,3.75,1.00
2018.04.04 23:27:47.785,1.5672,1.56745,2.00,1.00
2018.04.04 23:27:48.184,1.56723,1.56743,2.25,1.00
2018.04.04 23:27:48.491,1.5672,1.56741,3.37,1.00
2018.04.04 23:27:51.754,1.56722,1.5674,2.25,1.00
2018.04.04 23:27:51.806,1.56719,1.5674,2.25,1.00
2018.04.04 23:27:51.858,1.56718,1.56738,2.62,1.50
2018.04.04 23:27:51.911,1.56716,1.56736,4.50,1.00
2018.04.04 23:27:52.581,1.56716,1.56735,2.25,1.00
2018.04.04 23:27:52.633,1.5671,1.56735,6.19,1.00
2018.04.04 23:27:52.992,1.5671,1.56737,6.00,1.50
2018.04.04 23:27:53.592,1.56716,1.56737,3.75,1.50
2018.04.04 23:27:53.851,1.5671,1.56736,2.25,1.00
2018.04.04 23:27:55.162,1.56711,1.56736,2.25,1.00
2018.04.04 23:27:55.265,1.56717,1.56736,2.25,1.00
2018.04.04 23:27:59.000,1.56714,1.56736,1.00,1.00
2018.04.04 23:28:03.246,1.56712,1.56736,2.62,1.00
2018.04.04 23:28:03.754,1.56714,1.56735,2.62,1.00
2018.04.04 23:28:08.083,1.56712,1.56735,5.25,1.00
2018.04.04 23:28:09.860,1.56712,1.56735,1.00,1.00
2018.04.04 23:28:09.963,1.5671,1.56735,1.00,1.50
2018.04.04 23:28:10.588,1.5671,1.56734,1.00,1.00
2018.04.04 23:28:10.766,1.56709,1.56734,2.25,1.00
2018.04.04 23:28:11.335,1.56709,1.56734,2.25,1.00
2018.04.04 23:28:11.879,1.56709,1.56734,1.87,1.00
2018.04.04 23:28:11.931,1.56709,1.56734,1.50,1.00
2018.04.04 23:28:11.983,1.56709,1.56734,2.25,1.00
2018.04.04 23:28:12.346,1.56711,1.56734,2.62,1.00
2018.04.04 23:28:14.670,1.56711,1.56734,1.87,1.00
2018.04.04 23:28:14.722,1.56709,1.56734,2.25,1.00
2018.04.04 23:28:18.562,1.56712,1.56734,1.75,1.00
2018.04.04 23:28:18.665,1.56715,1.56734,1.75,1.00
2018.04.04 23:28:20.061,1.56715,1.56734,3.37,1.00
2018.04.04 23:28:20.168,1.56717,1.56734,1.00,1.00
2018.04.04 23:28:20.510,1.56716,1.56735,2.25,1.50
2018.04.04 23:28:20.764,1.56716,1.56735,1.00,1.50
2018.04.04 23:28:20.815,1.56711,1.56735,1.50,1.50
2018.04.04 23:28:21.063,1.56709,1.56735,1.75,1.50
2018.04.04 23:28:21.371,1.56717,1.56734,2.25,1.00
2018.04.04 23:28:22.142,1.56717,1.56735,2.25,1.00
2018.04.04 23:28:23.018,1.56719,1.56735,1.00,1.00
2018.04.04 23:28:23.121,1.56717,1.56735,1.00,1.00
2018.04.04 23:28:23.172,1.5671,1.56735,1.94,1.00
2018.04.04 23:28:23.979,1.56714,1.56735,2.25,1.00
2018.04.04 23:28:24.456,1.56717,1.56735,2.25,1.00
2018.04.04 23:28:26.590,1.56719,1.56735,1.00,1.00
2018.04.04 23:28:29.812,1.56717,1.56735,1.50,1.00
2018.04.04 23:28:29.966,1.56709,1.56735,1.94,1.00
2018.04.04 23:28:30.068,1.56712,1.56735,3.37,1.00
2018.04.04 23:28:30.334,1.56709,1.56735,4.31,1.00
2018.04.04 23:28:30.776,1.56711,1.56735,3.37,1.00
2018.04.04 23:28:35.452,1.56712,1.56735,2.62,1.00
2018.04.04 23:28:35.760,1.56719,1.56735,1.75,1.00
2018.04.04 23:28:37.188,1.56718,1.56735,1.75,1.00
2018.04.04 23:28:38.012,1.56718,1.56736,1.75,1.50
2018.04.04 23:28:42.334,1.56716,1.56736,1.75,1.50
2018.04.04 23:28:43.813,1.56716,1.56736,4.12,1.50
2018.04.04 23:28:44.614,1.56718,1.56736,1.75,1.50
2018.04.04 23:29:00.001,1.56716,1.56739,2.25,1.00
2018.04.04 23:29:00.053,1.56716,1.56739,1.87,1.00
2018.04.04 23:29:00.260,1.56712,1.56736,1.50,1.00
2018.04.04 23:29:03.749,1.56715,1.56736,1.00,1.00
2018.04.04 23:29:04.073,1.56719,1.56736,1.75,1.00
2018.04.04 23:29:04.176,1.56716,1.56737,1.00,1.00
2018.04.04 23:29:04.227,1.56714,1.56737,1.00,1.00
2018.04.04 23:29:04.748,1.56712,1.56737,1.50,1.00
2018.04.04 23:29:05.269,1.56713,1.56738,1.00,1.00
2018.04.04 23:29:05.322,1.56722,1.56738,1.75,1.00
2018.04.04 23:29:05.639,1.56718,1.56738,1.75,1.00
2018.04.04 23:29:05.690,1.56718,1.56738,1.00,1.00
2018.04.04 23:29:05.742,1.56713,1.56738,1.69,1.00
2018.04.04 23:29:05.794,1.56719,1.56738,1.75,1.00
2018.04.04 23:29:10.006,1.56714,1.56738,1.00,1.00
2018.04.04 23:29:17.551,1.56713,1.56739,3.00,1.50
2018.04.04 23:29:19.507,1.56713,1.56739,2.25,1.50
2018.04.04 23:29:20.004,1.56713,1.56739,2.25,1.50
2018.04.04 23:29:20.585,1.56713,1.56739,1.87,1.50
2018.04.04 23:29:20.637,1.56714,1.56739,1.50,1.00
2018.04.04 23:29:22.290,1.56716,1.5674,1.50,1.00
2018.04.04 23:29:22.598,1.56726,1.56743,1.75,1.00
2018.04.04 23:29:23.649,1.56727,1.56744,1.75,1.00
2018.04.04 23:29:23.876,1.56727,1.56746,2.25,1.50
2018.04.04 23:29:24.437,1.56727,1.56746,2.25,1.50
2018.04.04 23:29:24.608,1.56727,1.56746,1.50,1.50
2018.04.04 23:29:26.665,1.56727,1.56746,1.00,1.50
2018.04.04 23:29:26.717,1.5672,1.56746,3.19,1.50
2018.04.04 23:29:27.931,1.56721,1.56746,1.50,1.50
2018.04.04 23:29:28.464,1.56721,1.56746,1.00,2.25
2018.04.04 23:29:29.512,1.56721,1.56746,1.50,1.50
2018.04.04 23:29:29.614,1.56721,1.56746,1.75,1.50
2018.04.04 23:29:30.052,1.56721,1.56746,1.00,1.50
2018.04.04 23:29:30.106,1.56721,1.56746,1.75,1.50
2018.04.04 23:29:30.633,1.56726,1.56746,1.75,1.50
2018.04.04 23:29:31.589,1.56726,1.56746,1.75,1.50
2018.04.04 23:29:31.760,1.56722,1.56746,2.25,1.50
2018.04.04 23:29:31.812,1.56722,1.56746,2.25,1.50
2018.04.04 23:29:33.586,1.56721,1.56746,3.37,1.50
2018.04.04 23:29:35.635,1.56725,1.56746,1.75,1.50
2018.04.04 23:29:37.051,1.56726,1.56746,1.75,1.50
2018.04.04 23:29:37.612,1.56724,1.56746,2.25,1.50
2018.04.04 23:29:38.226,1.56725,1.56746,3.37,1.50
2018.04.04 23:29:39.263,1.56725,1.56745,3.37,1.00
2018.04.04 23:29:39.769,1.56726,1.56746,1.75,1.50
2018.04.04 23:29:46.528,1.56726,1.56746,2.25,1.50
2018.04.04 23:29:46.630,1.56722,1.56746,1.12,1.50
2018.04.04 23:29:47.639,1.5672,1.56746,3.00,1.50
2018.04.04 23:29:54.671,1.5672,1.56746,2.25,1.50
2018.04.04 23:29:55.052,1.56729,1.56746,1.00,1.00
2018.04.04 23:29:55.735,1.56727,1.56746,1.75,1.00
2018.04.04 23:29:56.477,1.56729,1.56746,1.00,1.00
2018.04.04 23:30:00.173,1.56722,1.56746,1.75,1.00
2018.04.04 23:30:00.225,1.56722,1.56746,1.12,1.00
2018.04.04 23:30:02.377,1.56718,1.56746,4.50,1.00
2018.04.04 23:30:02.692,1.56718,1.56746,3.00,1.00
2018.04.04 23:30:05.858,1.56718,1.56746,3.75,1.00
2018.04.04 23:30:06.619,1.56719,1.56746,1.00,1.00
2018.04.04 23:30:07.224,1.56718,1.56746,2.25,1.00
2018.04.04 23:30:07.276,1.5672,1.56746,1.00,1.00
2018.04.04 23:30:07.586,1.56727,1.56746,2.25,1.00
2018.04.04 23:30:07.637,1.56727,1.56746,1.75,1.00
2018.04.04 23:30:08.225,1.56727,1.56746,1.75,1.00
2018.04.04 23:30:08.535,1.56728,1.56746,1.37,1.00
2018.04.04 23:30:08.586,1.56724,1.56745,3.37,1.00
2018.04.04 23:30:08.732,1.56718,1.56744,2.44,1.00
2018.04.04 23:30:08.888,1.56718,1.56744,1.94,1.00
2018.04.04 23:30:09.104,1.56718,1.56744,1.69,1.87
2018.04.04 23:30:09.723,1.56718,1.56744,1.50,1.50
2018.04.04 23:30:09.826,1.56718,1.56744,4.12,1.50
2018.04.04 23:30:09.930,1.5672,1.56744,1.75,1.50
2018.04.04 23:30:12.515,1.56723,1.56744,2.25,1.50
2018.04.04 23:30:13.048,1.56723,1.56744,1.75,1.50
2018.04.04 23:30:15.715,1.56723,1.56744,1.75,1.50
2018.04.04 23:30:18.248,1.56723,1.56744,1.00,1.00
2018.04.04 23:30:23.036,1.56719,1.56744,1.50,1.00
2018.04.04 23:30:24.192,1.5672,1.56744,2.25,1.00
2018.04.04 23:30:24.501,1.56724,1.56744,4.12,1.00
2018.04.04 23:30:26.130,1.56727,1.56744,1.00,1.00
2018.04.04 23:30:26.847,1.56726,1.56744,2.62,1.00
2018.04.04 23:30:28.583,1.56723,1.56744,1.00,1.00
2018.04.04 23:30:28.635,1.56719,1.56744,1.19,1.00
2018.04.04 23:30:28.687,1.56725,1.56744,1.75,1.00
2018.04.04 23:30:28.791,1.56722,1.56744,1.00,1.00
2018.04.04 23:30:28.953,1.56721,1.56744,3.37,1.00
2018.04.04 23:30:29.634,1.5672,1.56744,1.00,1.00
2018.04.04 23:30:30.364,1.56719,1.56743,2.44,1.00
2018.04.04 23:30:30.417,1.56727,1.56743,2.62,1.00
2018.04.04 23:30:30.470,1.56727,1.56746,3.37,1.00
2018.04.04 23:30:30.676,1.56729,1.56748,1.75,1.00
2018.04.04 23:30:41.014,1.56726,1.56748,3.56,1.00
2018.04.04 23:30:41.066,1.56726,1.56748,3.56,1.00
2018.04.04 23:30:41.172,1.56727,1.56748,1.75,1.00
2018.04.04 23:30:44.589,1.56729,1.56748,2.62,1.00
2018.04.04 23:30:47.345,1.56731,1.56748,1.75,1.00
2018.04.04 23:30:47.450,1.56726,1.56746,1.31,1.00
2018.04.04 23:30:47.502,1.56723,1.56746,1.94,1.00
2018.04.04 23:30:48.283,1.56723,1.56746,2.25,1.00
2018.04.04 23:30:48.362,1.5673,1.56746,1.37,1.00
2018.04.04 23:30:49.590,1.5673,1.56746,2.25,1.00
2018.04.04 23:30:49.641,1.56727,1.56746,1.75,1.00
2018.04.04 23:30:53.640,1.5673,1.56746,1.75,1.00
2018.04.04 23:30:54.057,1.5673,1.56747,3.37,1.00
2018.04.04 23:30:54.108,1.5673,1.56747,1.75,1.00
2018.04.04 23:31:00.215,1.56728,1.56747,1.00,1.00
2018.04.04 23:31:00.266,1.56723,1.56747,1.19,1.00
2018.04.04 23:31:00.474,1.56721,1.56747,2.44,1.00
2018.04.04 23:31:02.649,1.56721,1.56747,3.37,1.00
2018.04.04 23:31:02.956,1.56728,1.56746,1.75,1.00
2018.04.04 23:31:03.736,1.56724,1.56746,2.62,1.00
2018.04.04 23:31:04.243,1.56725,1.56746,2.62,1.00
2018.04.04 23:31:04.398,1.56727,1.56746,2.25,1.00
2018.04.04 23:31:07.595,1.56727,1.56746,1.50,1.00
2018.04.04 23:31:12.590,1.56727,1.56746,1.50,1.00
2018.04.04 23:31:13.712,1.56727,1.56746,1.50,1.00
2018.04.04 23:31:16.503,1.56728,1.56746,1.75,1.00
2018.04.04 23:31:19.478,1.56727,1.56746,1.50,1.00
2018.04.04 23:31:19.581,1.56723,1.56746,1.25,1.00
2018.04.04 23:31:19.633,1.5672,1.56746,1.69,1.00
2018.04.04 23:31:19.838,1.56719,1.56745,1.50,1.00
2018.04.04 23:31:21.851,1.56719,1.56745,1.69,1.00
2018.04.04 23:31:24.525,1.56717,1.56744,4.69,1.50
2018.04.04 23:31:24.730,1.56717,1.56743,1.19,1.50
2018.04.04 23:31:25.366,1.56717,1.56743,1.00,1.50
2018.04.04 23:31:26.166,1.56716,1.56742,1.00,1.50
2018.04.04 23:31:26.320,1.56716,1.5674,1.00,1.00
2018.04.04 23:31:27.247,1.56714,1.5674,1.25,1.00
2018.04.04 23:31:30.732,1.56714,1.56741,1.69,1.00
2018.04.04 23:31:31.469,1.56715,1.56741,1.00,1.50
2018.04.04 23:31:32.118,1.56715,1.56742,1.50,1.87
2018.04.04 23:31:34.426,1.56715,1.56742,1.50,2.25
2018.04.04 23:31:36.700,1.56715,1.56742,1.50,1.50
2018.04.04 23:31:38.558,1.56716,1.56743,1.50,1.00
2018.04.04 23:31:38.663,1.5672,1.56745,1.00,1.00
2018.04.04 23:31:38.715,1.5672,1.56747,1.00,2.25
2018.04.04 23:31:52.636,1.5672,1.56746,1.25,1.00
2018.04.04 23:31:55.151,1.5672,1.56746,1.00,1.50
2018.04.04 23:31:55.203,1.56718,1.56744,1.69,1.00
2018.04.04 23:31:55.337,1.56718,1.56744,1.69,1.75
2018.04.04 23:31:56.457,1.5672,1.56744,1.69,1.00
2018.04.04 23:31:56.509,1.5672,1.56746,2.44,1.00
2018.04.04 23:31:56.560,1.56724,1.56747,1.00,1.00
2018.04.04 23:31:56.612,1.56724,1.56749,1.50,1.50
2018.04.04 23:31:58.181,1.56725,1.56749,1.00,1.00
2018.04.04 23:32:01.689,1.56725,1.56749,1.19,1.00
2018.04.04 23:32:02.636,1.56725,1.56749,1.25,1.00
2018.04.04 23:32:04.634,1.56725,1.56749,1.19,1.00
2018.04.04 23:32:06.647,1.56725,1.56749,1.25,1.00
2018.04.04 23:32:07.807,1.56725,1.56749,1.50,1.00
2018.04.04 23:32:07.910,1.56725,1.56749,1.00,2.25
2018.04.04 23:32:08.509,1.56724,1.56749,1.50,2.25
2018.04.04 23:32:09.167,1.56725,1.56749,1.00,2.25
2018.04.04 23:32:11.009,1.56725,1.56749,1.00,1.50
2018.04.04 23:32:11.061,1.56725,1.56746,1.00,1.00
2018.04.04 23:32:11.374,1.5672,1.56742,1.19,1.00
2018.04.04 23:32:11.426,1.56718,1.56742,2.44,1.00
2018.04.04 23:32:12.516,1.56718,1.56742,1.69,1.00
2018.04.04 23:32:13.316,1.56718,1.56742,1.69,1.50
2018.04.04 23:32:13.897,1.56718,1.56742,2.44,1.00
2018.04.04 23:32:14.635,1.56718,1.56742,2.06,1.00
2018.04.04 23:32:15.983,1.56718,1.56742,2.06,1.00
2018.04.04 23:32:16.634,1.56718,1.56742,1.69,1.00
2018.04.04 23:32:16.971,1.56718,1.56742,2.81,1.00
2018.04.04 23:32:21.638,1.56718,1.56742,2.81,1.00
2018.04.04 23:32:23.289,1.56718,1.56742,2.06,1.00
2018.04.04 23:32:23.498,1.56716,1.56738,1.00,1.00
2018.04.04 23:32:23.601,1.56712,1.56737,1.00,1.00
2018.04.04 23:32:23.820,1.56712,1.56735,1.00,1.00
2018.04.04 23:32:27.338,1.56712,1.56736,1.00,1.12
2018.04.04 23:32:27.493,1.56713,1.56738,1.50,1.12
2018.04.04 23:32:28.240,1.56713,1.56739,3.00,1.00
2018.04.04 23:32:28.446,1.56718,1.5674,1.00,1.00
2018.04.04 23:32:28.959,1.56716,1.56742,3.19,1.00
2018.04.04 23:32:29.010,1.56717,1.56742,1.75,1.00
2018.04.04 23:32:29.807,1.56717,1.56742,1.00,1.00
2018.04.04 23:32:31.780,1.56718,1.56743,1.00,1.00
2018.04.04 23:32:32.285,1.56718,1.56744,1.12,1.00
2018.04.04 23:32:32.808,1.56718,1.56744,1.31,1.00
2018.04.04 23:32:36.160,1.56721,1.56744,1.19,1.00
2018.04.04 23:32:36.263,1.5672,1.56744,1.25,1.00
2018.04.04 23:32:36.796,1.56718,1.56744,2.44,1.00
2018.04.04 23:32:37.090,1.56718,1.56744,1.19,1.00
2018.04.04 23:32:37.761,1.56718,1.56744,1.00,1.00
2018.04.04 23:32:40.317,1.56718,1.56744,1.31,1.00
2018.04.04 23:32:41.052,1.56718,1.56743,1.31,1.00
2018.04.04 23:32:41.723,1.56718,1.56743,1.00,1.00
2018.04.04 23:32:43.641,1.56718,1.56743,1.75,1.00
2018.04.04 23:32:44.008,1.5672,1.56743,4.31,1.00
2018.04.04 23:32:45.643,1.56718,1.56743,1.94,1.00
2018.04.04 23:32:46.000,1.56718,1.56743,1.25,1.00
2018.04.04 23:32:46.607,1.56718,1.56744,1.50,1.87
2018.04.04 23:32:46.710,1.5672,1.56744,2.62,1.00
2018.04.04 23:32:46.916,1.56721,1.56746,2.81,1.50
2018.04.04 23:32:47.018,1.5672,1.56746,1.19,2.25
2018.04.04 23:32:47.070,1.56719,1.56744,1.25,1.12
2018.04.04 23:32:47.122,1.56718,1.56742,5.44,1.00
2018.04.04 23:32:47.398,1.56718,1.56743,3.56,1.00
2018.04.04 23:32:47.964,1.56718,1.56743,1.19,1.00
2018.04.04 23:32:48.492,1.56718,1.56743,1.00,1.00
2018.04.04 23:32:49.318,1.56718,1.56742,1.00,1.00
2018.04.04 23:32:51.361,1.56717,1.56742,1.69,1.00
2018.04.04 23:32:53.636,1.56717,1.56742,1.69,1.00
2018.04.04 23:32:54.488,1.56717,1.56742,1.25,1.00
2018.04.04 23:32:58.313,1.56717,1.56742,6.94,1.00
2018.04.04 23:32:58.495,1.56717,1.56741,3.19,1.00
2018.04.04 23:32:58.699,1.56719,1.56742,3.37,1.00
2018.04.04 23:33:01.134,1.5672,1.56742,1.00,1.00
2018.04.04 23:33:01.185,1.56717,1.56742,1.19,1.00
2018.04.04 23:33:01.735,1.56718,1.56742,1.00,1.50
2018.04.04 23:33:02.354,1.56718,1.56742,1.12,1.00
2018.04.04 23:33:02.458,1.56718,1.56744,1.12,3.37
2018.04.04 23:33:02.511,1.56721,1.56744,1.00,1.00
2018.04.04 23:33:02.828,1.56721,1.56746,1.00,1.00
2018.04.04 23:33:03.350,1.56722,1.56746,1.00,1.00
2018.04.04 23:33:03.478,1.56724,1.56748,1.12,1.12
2018.04.04 23:33:03.836,1.56725,1.56749,2.62,1.50
2018.04.04 23:33:03.939,1.56725,1.5675,1.50,1.50
2018.04.04 23:33:05.585,1.56725,1.5675,2.25,1.00
2018.04.04 23:33:09.850,1.56726,1.5675,1.00,1.12
2018.04.04 23:33:09.953,1.56727,1.56752,1.00,1.12
2018.04.04 23:33:12.919,1.56728,1.56752,1.00,1.00
2018.04.04 23:33:13.527,1.56729,1.56753,1.00,1.00
2018.04.04 23:33:15.693,1.56729,1.56753,3.37,1.00
2018.04.04 23:33:21.077,1.56732,1.56753,2.62,1.00
2018.04.04 23:33:21.435,1.56737,1.56756,3.37,1.00
2018.04.04 23:33:21.589,1.56736,1.56757,1.75,1.00
2018.04.04 23:33:21.694,1.56732,1.56756,1.00,3.00
2018.04.04 23:33:21.746,1.5673,1.56755,1.50,1.12
2018.04.04 23:33:21.851,1.56733,1.56756,2.62,1.50
2018.04.04 23:33:22.057,1.56731,1.56756,1.37,2.25
2018.04.04 23:33:22.569,1.56732,1.56754,1.75,1.00
2018.04.04 23:33:23.086,1.56734,1.56754,2.62,1.00
2018.04.04 23:33:23.309,1.56732,1.56754,1.50,1.00
2018.04.04 23:33:25.353,1.56732,1.56756,1.00,1.50
2018.04.04 23:33:27.589,1.56732,1.56756,1.75,1.50
2018.04.04 23:33:27.888,1.56732,1.56756,1.75,1.50
2018.04.04 23:33:27.940,1.56732,1.56756,1.00,1.50
2018.04.04 23:33:46.837,1.56733,1.56756,1.00,1.50
2018.04.04 23:33:46.991,1.56735,1.56758,1.00,1.50
2018.04.04 23:33:47.601,1.56736,1.56759,1.00,1.00
2018.04.04 23:33:48.746,1.56736,1.56759,1.37,1.00
2018.04.04 23:33:49.455,1.56736,1.56759,1.00,1.00
2018.04.04 23:33:49.810,1.56736,1.56759,1.37,1.00
2018.04.04 23:33:49.914,1.56737,1.56759,1.00,1.00
2018.04.04 23:33:50.455,1.56736,1.56759,1.00,1.00
2018.04.04 23:33:51.853,1.56736,1.56759,1.75,1.00
2018.04.04 23:33:52.217,1.56739,1.56759,3.37,1.00
2018.04.04 23:33:57.639,1.56736,1.56759,1.12,1.00
2018.04.04 23:33:59.583,1.56738,1.56759,2.25,1.00
2018.04.04 23:34:00.109,1.5674,1.56759,1.37,1.00
2018.04.04 23:34:00.163,1.56735,1.56759,2.00,1.00
2018.04.04 23:34:00.216,1.56735,1.56759,1.25,1.00
2018.04.04 23:34:02.858,1.56736,1.56759,2.25,1.00
2018.04.04 23:34:03.187,1.56735,1.56759,1.00,1.00
2018.04.04 23:34:09.563,1.56734,1.56758,1.50,1.00
2018.04.04 23:34:10.097,1.56733,1.56758,1.00,1.50
2018.04.04 23:34:11.777,1.56733,1.56758,1.37,1.00
2018.04.04 23:34:12.206,1.56732,1.56758,1.00,1.00
2018.04.04 23:34:16.832,1.56732,1.56758,3.00,1.00
2018.04.04 23:34:17.441,1.56734,1.56758,2.25,1.00
2018.04.04 23:34:17.927,1.56732,1.56758,1.00,1.00
2018.04.04 23:34:19.876,1.56731,1.56758,1.87,1.50
2018.04.04 23:34:19.927,1.56734,1.56758,2.62,1.50
2018.04.04 23:34:20.030,1.56734,1.56757,1.00,1.00
2018.04.04 23:34:20.133,1.56731,1.56757,2.25,1.00
2018.04.04 23:34:20.337,1.56734,1.56757,2.62,1.00
2018.04.04 23:34:21.593,1.56734,1.56757,1.75,1.00
2018.04.04 23:34:21.644,1.56734,1.56757,1.00,1.00
2018.04.04 23:34:21.696,1.56732,1.56757,1.00,1.00
2018.04.04 23:34:22.859,1.56731,1.56757,2.25,1.00
2018.04.04 23:34:24.489,1.56731,1.56757,1.50,1.00
2018.04.04 23:34:24.541,1.56733,1.56757,2.62,1.00
2018.04.04 23:34:37.627,1.56733,1.56756,3.37,1.00
2018.04.04 23:34:40.175,1.56733,1.56756,1.75,1.00
2018.04.04 23:34:40.278,1.56731,1.56756,1.12,1.00
2018.04.04 23:34:40.875,1.56731,1.56756,1.50,1.00
2018.04.04 23:34:44.529,1.56731,1.56756,1.75,1.00
2018.04.04 23:34:44.581,1.56733,1.56756,2.62,1.00
2018.04.04 23:34:44.684,1.56735,1.56756,2.25,1.00
2018.04.04 23:34:45.957,1.56731,1.56756,2.25,1.00
2018.04.04 23:34:46.488,1.56731,1.56756,2.25,1.00
2018.04.04 23:34:46.867,1.56731,1.56756,1.00,1.00
2018.04.04 23:34:47.124,1.5673,1.56754,1.00,1.00
2018.04.04 23:34:48.889,1.5673,1.56754,1.50,1.00
2018.04.04 23:34:51.270,1.5673,1.56754,1.00,1.00
2018.04.04 23:34:51.645,1.56736,1.56754,1.00,1.00
2018.04.04 23:34:51.799,1.5673,1.56754,2.44,1.00
2018.04.04 23:34:52.430,1.5673,1.56754,1.00,1.00
2018.04.04 23:34:53.758,1.56734,1.56754,2.62,1.00
2018.04.04 23:34:57.623,1.56733,1.56754,2.25,1.00
2018.04.04 23:34:57.675,1.56729,1.56754,1.00,1.00
2018.04.04 23:35:00.659,1.5673,1.56754,2.25,1.00
2018.04.04 23:35:00.999,1.56736,1.56754,1.00,1.00
2018.04.04 23:35:01.358,1.56734,1.56756,3.37,2.25
2018.04.04 23:35:03.585,1.56736,1.56756,1.00,2.25
2018.04.04 23:35:03.738,1.56734,1.56756,3.37,2.25
2018.04.04 23:35:09.800,1.56732,1.56756,1.00,1.00
2018.04.04 23:35:10.587,1.56731,1.56757,1.50,1.12
2018.04.04 23:35:11.103,1.56731,1.56758,3.00,2.25
2018.04.04 23:35:11.629,1.56731,1.56758,3.00,2.25
2018.04.04 23:35:15.454,1.56733,1.5676,2.25,1.50
2018.04.04 23:35:15.790,1.56735,1.5676,1.00,1.00
2018.04.04 23:35:21.797,1.56735,1.5676,2.25,1.00
2018.04.04 23:35:22.106,1.56738,1.5676,4.12,1.00
2018.04.04 23:35:22.209,1.56735,1.5676,2.25,1.00
2018.04.04 23:35:22.382,1.56735,1.5676,1.87,1.00
2018.04.04 23:35:25.166,1.56737,1.5676,2.25,1.00
2018.04.04 23:35:30.120,1.56735,1.5676,1.50,1.00
2018.04.04 23:35:31.870,1.56735,1.5676,3.37,1.00
2018.04.04 23:35:40.033,1.56734,1.5676,5.62,1.00
2018.04.04 23:35:44.245,1.56734,1.56757,4.87,1.00
2018.04.04 23:35:44.296,1.56734,1.56757,4.87,1.00
2018.04.04 23:35:46.044,1.56734,1.56755,3.37,1.00
2018.04.04 23:35:46.592,1.56737,1.56755,1.00,1.00
2018.04.04 23:35:46.790,1.56732,1.56755,1.75,1.00
2018.04.04 23:35:50.700,1.56734,1.56755,2.62,1.00
2018.04.04 23:35:51.227,1.56734,1.56755,1.75,1.00
2018.04.04 23:35:51.756,1.56734,1.56754,1.75,1.00
2018.04.04 23:35:51.809,1.56733,1.56755,2.62,1.00
2018.04.04 23:35:51.912,1.56731,1.56755,2.25,1.50
2018.04.04 23:35:52.533,1.56731,1.56756,1.00,3.75
2018.04.04 23:35:54.232,1.56731,1.56756,1.50,1.50
2018.04.04 23:36:02.663,1.56735,1.56757,1.00,1.12
2018.04.04 23:36:02.819,1.5674,1.56763,1.00,1.00
2018.04.04 23:36:02.871,1.5674,1.56765,1.00,1.50
2018.04.04 23:36:03.080,1.56744,1.56765,2.25,1.50
2018.04.04 23:36:03.387,1.56747,1.56765,1.75,1.00
2018.04.04 23:36:04.642,1.56744,1.56765,1.00,1.00
2018.04.04 23:36:05.408,1.56741,1.56765,2.62,1.00
2018.04.04 23:36:05.590,1.56741,1.56765,1.00,1.00
2018.04.04 23:36:05.694,1.56739,1.56765,1.69,2.62
2018.04.04 23:36:06.398,1.56739,1.56764,1.00,1.00
2018.04.04 23:36:06.905,1.56739,1.56764,1.50,1.00
2018.04.04 23:36:07.587,1.56739,1.56764,1.12,1.00
2018.04.04 23:36:13.469,1.56737,1.56763,2.25,1.50
2018.04.04 23:36:13.521,1.56744,1.56763,1.75,1.00
2018.04.04 23:36:15.387,1.56743,1.56763,1.75,1.00
2018.04.04 23:36:15.490,1.56742,1.56763,1.00,1.00
2018.04.04 23:36:15.541,1.56738,1.56763,1.19,1.00
2018.04.04 23:36:16.130,1.56738,1.56763,1.50,1.00
2018.04.04 23:36:16.233,1.56739,1.56763,3.37,1.00
2018.04.04 23:36:16.641,1.56742,1.56763,1.75,1.00
2018.04.04 23:36:16.957,1.56743,1.56763,1.75,1.00
2018.04.04 23:36:17.309,1.56742,1.56763,2.25,1.50
2018.04.04 23:36:17.654,1.56741,1.56763,1.00,1.00
2018.04.04 23:36:17.759,1.56741,1.56765,1.00,1.00
2018.04.04 23:36:17.918,1.56742,1.56765,3.37,1.00
2018.04.04 23:36:18.020,1.56741,1.56765,1.00,1.00
2018.04.04 23:36:18.073,1.56741,1.56766,1.69,2.25
2018.04.04 23:36:18.228,1.56743,1.56768,1.50,1.50
2018.04.04 23:36:18.332,1.56751,1.56773,2.62,1.00
2018.04.04 23:36:18.472,1.56748,1.56773,1.00,1.00
2018.04.04 23:36:19.095,1.56748,1.56773,3.00,1.00
2018.04.04 23:36:19.678,1.56747,1.56773,1.87,1.50
2018.04.04 23:36:19.934,1.56747,1.56773,1.75,2.25
2018.04.04 23:36:20.241,1.56751,1.56773,2.25,2.25
2018.04.04 23:36:20.636,1.56749,1.56773,2.62,2.25
2018.04.04 23:36:22.200,1.56751,1.56773,2.25,2.25
2018.04.04 23:36:22.509,1.56753,1.56773,3.37,1.50
2018.04.04 23:36:22.663,1.56752,1.56772,1.75,1.00
2018.04.04 23:36:23.051,1.56754,1.56772,1.75,1.50
2018.04.04 23:36:23.342,1.56752,1.56772,1.75,1.50
2018.04.04 23:36:24.673,1.56751,1.56772,3.37,1.00
2018.04.04 23:36:24.776,1.56749,1.56772,1.00,1.00
2018.04.04 23:36:24.879,1.56747,1.56772,2.06,1.00
2018.04.04 23:36:27.590,1.56747,1.56772,2.25,1.00
2018.04.04 23:36:27.896,1.56752,1.56772,2.62,1.00
2018.04.04 23:36:28.508,1.56754,1.56772,1.75,1.00
2018.04.04 23:36:28.662,1.5675,1.56772,1.75,1.00
2018.04.04 23:36:33.648,1.56755,1.56772,2.25,1.00
2018.04.04 23:36:33.802,1.56754,1.56774,3.37,2.25
2018.04.04 23:36:34.475,1.56753,1.56774,2.62,2.25
2018.04.04 23:36:34.680,1.56754,1.56774,2.62,2.25
2018.04.04 23:36:36.641,1.56752,1.56774,2.62,2.25
2018.04.04 23:36:36.693,1.5675,1.56774,1.00,2.25
2018.04.04 23:36:37.229,1.56749,1.56774,1.00,2.25
2018.04.04 23:36:37.742,1.5675,1.56774,3.37,2.25
2018.04.04 23:36:38.592,1.5675,1.56774,1.37,2.25
2018.04.04 23:36:38.644,1.56747,1.56774,2.81,2.25
2018.04.04 23:36:38.695,1.56747,1.56774,3.19,2.25
2018.04.04 23:36:39.591,1.56749,1.56774,2.62,2.25
2018.04.04 23:36:39.894,1.56754,1.56774,2.62,2.25
2018.04.04 23:36:40.643,1.56749,1.56774,2.62,2.25
2018.04.04 23:36:41.185,1.56749,1.56766,3.37,1.00
2018.04.04 23:36:41.289,1.56741,1.56763,1.25,1.00
2018.04.04 23:36:41.341,1.56739,1.56759,1.69,1.00
2018.04.04 23:36:41.548,1.56729,1.56755,3.00,1.00
2018.04.04 23:36:41.806,1.56729,1.56755,2.25,1.50
2018.04.04 23:36:43.591,1.56729,1.56755,4.12,1.50
2018.04.04 23:36:44.107,1.56729,1.56755,2.25,1.50
2018.04.04 23:36:44.448,1.5673,1.56755,3.37,1.50
2018.04.04 23:36:46.197,1.56735,1.56755,2.25,1.50
2018.04.04 23:36:46.677,1.56734,1.56755,1.75,1.50
2018.04.04 23:36:46.999,1.56734,1.56753,1.75,1.00
2018.04.04 23:36:47.587,1.56734,1.56753,1.75,1.00
2018.04.04 23:36:47.690,1.56733,1.56753,1.12,1.00
2018.04.04 23:36:48.585,1.56731,1.56753,2.62,1.00
2018.04.04 23:36:49.388,1.56733,1.56753,1.75,1.00
2018.04.04 23:36:49.636,1.5673,1.56753,2.62,1.00
2018.04.04 23:36:50.007,1.56729,1.56753,1.87,1.00
2018.04.04 23:36:50.585,1.56729,1.56753,2.25,1.00
2018.04.04 23:36:51.638,1.56729,1.56753,1.87,1.00
2018.04.04 23:36:51.875,1.56729,1.56753,1.87,1.00
2018.04.04 23:36:52.358,1.56732,1.56753,3.37,1.00
2018.04.04 23:36:55.589,1.56732,1.56753,1.50,1.00
2018.04.04 23:36:57.473,1.56736,1.56753,1.00,1.00
2018.04.04 23:36:57.954,1.56734,1.56753,2.62,1.00
2018.04.04 23:37:00.066,1.56729,1.56753,2.44,1.00
2018.04.04 23:37:00.171,1.5673,1.56754,2.25,1.00
2018.04.04 23:37:00.730,1.5673,1.56755,2.25,1.00
2018.04.04 23:37:01.708,1.56729,1.56754,2.25,1.00
2018.04.04 23:37:02.141,1.5673,1.56754,1.75,1.00
2018.04.04 23:37:02.563,1.56733,1.56754,1.75,1.00
2018.04.04 23:37:02.666,1.5673,1.56754,3.37,1.00
2018.04.04 23:37:03.206,1.56731,1.56754,1.00,1.00
2018.04.04 23:37:04.034,1.5673,1.56754,1.75,1.00
2018.04.04 23:37:05.596,1.5673,1.56754,1.75,1.00
2018.04.04 23:37:08.734,1.5673,1.56754,1.75,1.00
2018.04.04 23:37:08.837,1.5673,1.56754,2.25,1.00
2018.04.04 23:37:09.778,1.5673,1.56754,2.25,1.00
2018.04.04 23:37:12.462,1.5673,1.56754,2.25,1.00
2018.04.04 23:37:12.565,1.56733,1.56754,2.62,1.00
2018.04.04 23:37:19.585,1.56736,1.56754,2.25,1.00
2018.04.04 23:37:25.614,1.56733,1.56754,1.75,1.00
2018.04.04 23:37:25.921,1.56729,1.56754,2.44,1.00
2018.04.04 23:37:27.127,1.56729,1.56754,4.31,1.00
2018.04.04 23:37:29.044,1.56732,1.56754,2.62,1.00
2018.04.04 23:37:33.805,1.56733,1.56754,1.75,1.00
2018.04.04 23:37:34.145,1.56738,1.56754,1.75,1.00
2018.04.04 23:37:34.383,1.56735,1.56754,1.75,1.00
2018.04.04 23:37:34.434,1.56735,1.56754,1.00,1.00
2018.04.04 23:37:35.135,1.56731,1.56754,2.62,1.00
2018.04.04 23:37:36.662,1.56734,1.56754,2.25,1.00
2018.04.04 23:37:36.970,1.56739,1.56754,1.75,1.00
2018.04.04 23:37:37.117,1.56735,1.56754,2.62,1.00
2018.04.04 23:37:37.247,1.5673,1.56754,5.44,1.00
2018.04.04 23:37:37.299,1.5673,1.56754,1.31,1.00
2018.04.04 23:37:37.504,1.56731,1.56754,3.37,1.00
2018.04.04 23:37:39.595,1.56732,1.56754,2.62,1.00
2018.04.04 23:37:40.416,1.56735,1.56754,1.75,1.50
2018.04.04 23:37:40.749,1.56738,1.56754,1.75,1.50
2018.04.04 23:37:41.586,1.5674,1.56754,1.00,1.50
2018.04.04 23:37:44.587,1.56737,1.56754,2.62,1.00
2018.04.04 23:37:45.370,1.56738,1.56754,3.37,1.00
2018.04.04 23:37:52.427,1.56735,1.56754,1.00,1.00
2018.04.04 23:37:52.634,1.56736,1.56754,1.75,1.00
2018.04.04 23:37:52.938,1.56738,1.56754,1.75,1.00
2018.04.04 23:37:53.405,1.56738,1.56754,1.00,1.00
2018.04.04 23:37:53.456,1.56735,1.56754,1.87,1.00
2018.04.04 23:37:53.508,1.5673,1.56754,2.81,1.00
2018.04.04 23:37:53.755,1.56735,1.56754,1.00,1.00
2018.04.04 23:37:54.199,1.56739,1.56755,1.75,1.50
2018.04.04 23:37:56.100,1.56734,1.56755,3.37,1.50
2018.04.04 23:37:56.738,1.56734,1.56745,3.37,1.00
2018.04.04 23:37:56.790,1.56731,1.56745,1.00,1.12
2018.04.04 23:37:56.843,1.56726,1.56744,1.69,1.00
2018.04.04 23:37:56.896,1.56724,1.56741,1.50,1.00
2018.04.04 23:37:56.948,1.56718,1.56741,2.25,1.00
2018.04.04 23:37:57.585,1.56719,1.56741,1.75,1.00
2018.04.04 23:38:00.548,1.56726,1.56744,1.75,2.25
2018.04.04 23:38:00.651,1.56719,1.56742,4.12,1.00
2018.04.04 23:38:01.214,1.56719,1.56743,3.00,1.00
2018.04.04 23:38:02.586,1.56719,1.56743,3.00,1.00
2018.04.04 23:38:04.691,1.56725,1.56743,2.62,1.00
2018.04.04 23:38:05.186,1.56721,1.56744,4.50,1.00
2018.04.04 23:38:05.693,1.56721,1.56744,1.50,1.00
2018.04.04 23:38:05.745,1.56721,1.56742,1.00,1.00
2018.04.04 23:38:06.497,1.5672,1.56742,2.62,1.00
2018.04.04 23:38:08.451,1.5672,1.56742,2.62,1.00
2018.04.04 23:38:09.207,1.56721,1.56742,3.37,1.00
2018.04.04 23:38:11.827,1.56719,1.56742,2.25,1.00
2018.04.04 23:38:12.032,1.56721,1.56743,2.81,1.00
2018.04.04 23:38:12.353,1.56725,1.56744,1.75,1.00
2018.04.04 23:38:12.837,1.56723,1.56744,1.75,1.00
2018.04.04 23:38:12.939,1.56721,1.56743,1.12,1.00
2018.04.04 23:38:13.042,1.56718,1.56742,2.06,1.00
