2012.02.28 09:00:01.003,1.33852,1.33874,1.50,2.25
2012.02.28 09:00:01.994,1.33847,1.3387,3.00,1.50
2012.02.28 09:00:02.310,1.33844,1.33862,2.12,1.50
2012.02.28 09:00:02.639,1.33844,1.33859,1.43,2.10
2012.02.28 09:00:02.712,1.33844,1.33862,1.43,1.50
2012.02.28 09:00:03.258,1.33844,1.33863,1.43,2.10
2012.02.28 09:00:03.607,1.33845,1.33865,1.05,1.50
2012.02.28 09:00:03.816,1.33845,1.33868,3.30,3.60
2012.02.28 09:00:04.876,1.33845,1.33869,1.80,1.50
2012.02.28 09:00:05.333,1.33852,1.3387,1.50,1.50
2012.02.28 09:00:05.412,1.3385,1.33871,1.50,1.50
2012.02.28 09:00:06.163,1.33846,1.33868,1.50,1.50
2012.02.28 09:00:06.244,1.3385,1.33873,2.25,2.25
2012.02.28 09:00:06.858,1.33847,1.33871,2.25,1.50
2012.02.28 09:00:07.408,1.3385,1.33872,1.50,2.25
2012.02.28 09:00:07.965,1.3385,1.33872,1.50,2.25
2012.02.28 09:00:10.699,1.3385,1.33872,1.50,2.25
2012.02.28 09:00:10.770,1.3385,1.33872,1.50,1.50
2012.02.28 09:00:11.091,1.33855,1.33877,1.50,2.25
2012.02.28 09:00:11.299,1.33855,1.33877,2.25,1.50
2012.02.28 09:00:11.906,1.33855,1.33876,2.25,1.50
2012.02.28 09:00:12.439,1.33855,1.33875,2.25,1.50
2012.02.28 09:00:12.631,1.33855,1.33878,2.25,1.50
2012.02.28 09:00:12.974,1.33855,1.33878,2.25,2.25
2012.02.28 09:00:13.258,1.33854,1.33872,2.25,1.50
2012.02.28 09:00:13.401,1.33855,1.33868,1.50,1.50
2012.02.28 09:00:13.817,1.33855,1.3387,1.50,1.50
2012.02.28 09:00:14.211,1.33855,1.33873,1.50,1.50
2012.02.28 09:00:14.409,1.33854,1.33873,2.25,1.50
2012.02.28 09:00:16.180,1.33855,1.33876,2.25,1.50
2012.02.28 09:00:16.621,1.33855,1.33872,1.50,1.50
2012.02.28 09:00:17.422,1.33855,1.33875,1.50,1.50
2012.02.28 09:00:18.940,1.33855,1.33875,1.50,1.50
2012.02.28 09:00:19.259,1.33854,1.33872,2.25,1.50
2012.02.28 09:00:19.747,1.33855,1.33874,1.50,1.50
2012.02.28 09:00:20.269,1.33854,1.33869,2.25,1.50
2012.02.28 09:00:20.600,1.33854,1.33873,2.25,1.50
2012.02.28 09:00:22.378,1.33854,1.33875,2.25,1.50
2012.02.28 09:00:26.387,1.33856,1.33877,1.50,1.50
2012.02.28 09:00:26.459,1.33856,1.3388,1.50,1.50
2012.02.28 09:00:30.547,1.33859,1.33882,1.50,1.35
2012.02.28 09:00:31.694,1.33857,1.33881,1.58,2.25
2012.02.28 09:00:32.568,1.33857,1.33881,1.58,2.25
2012.02.28 09:00:33.070,1.33858,1.33882,2.25,1.35
2012.02.28 09:00:33.986,1.33857,1.3388,1.58,1.50
2012.02.28 09:00:34.518,1.33856,1.3388,3.08,1.50
2012.02.28 09:00:35.959,1.33859,1.33882,1.50,1.35
2012.02.28 09:00:36.524,1.33859,1.33883,2.25,2.25
2012.02.28 09:00:37.152,1.3386,1.33883,2.63,2.25
2012.02.28 09:00:37.801,1.33861,1.33883,1.50,1.50
2012.02.28 09:00:38.307,1.33861,1.33885,1.50,2.25
2012.02.28 09:00:38.617,1.3386,1.33885,3.00,1.50
2012.02.28 09:00:39.022,1.3386,1.33882,1.50,1.50
2012.02.28 09:00:39.829,1.3386,1.33885,3.00,1.50
2012.02.28 09:00:40.078,1.3386,1.33882,1.50,1.50
2012.02.28 09:00:41.798,1.33861,1.33882,2.25,1.50
2012.02.28 09:00:42.571,1.33861,1.33883,3.00,1.50
2012.02.28 09:00:42.641,1.33861,1.33881,1.50,1.50
2012.02.28 09:00:42.968,1.33857,1.33878,1.50,1.50
2012.02.28 09:00:43.308,1.33857,1.33882,3.00,2.25
2012.02.28 09:00:43.857,1.33861,1.33884,1.50,2.25
2012.02.28 09:00:43.927,1.33861,1.33884,2.25,1.50
2012.02.28 09:00:44.708,1.33864,1.33887,1.50,2.25
2012.02.28 09:00:45.836,1.3386,1.33884,2.25,1.50
2012.02.28 09:00:47.201,1.33863,1.33887,2.25,2.25
2012.02.28 09:00:49.234,1.33859,1.33883,3.00,1.50
2012.02.28 09:00:49.727,1.33858,1.33879,1.50,1.50
2012.02.28 09:00:49.933,1.33859,1.33881,3.00,1.50
2012.02.28 09:00:50.845,1.33859,1.33882,2.25,2.25
2012.02.28 09:00:50.979,1.33861,1.33885,1.50,2.25
2012.02.28 09:00:51.050,1.33861,1.33886,2.25,2.25
2012.02.28 09:00:53.350,1.33865,1.33888,1.50,3.75
2012.02.28 09:00:53.422,1.33865,1.33888,1.50,2.25
2012.02.28 09:00:53.492,1.33863,1.33886,2.25,1.50
2012.02.28 09:00:53.698,1.33861,1.33886,3.00,2.25
2012.02.28 09:00:54.597,1.33862,1.33885,2.25,1.50
2012.02.28 09:00:55.325,1.33866,1.33887,1.50,2.25
2012.02.28 09:00:56.500,1.33866,1.33889,1.50,2.25
2012.02.28 09:01:00.437,1.33866,1.33888,1.50,1.50
2012.02.28 09:01:00.515,1.33863,1.33886,2.25,1.50
2012.02.28 09:01:00.650,1.33865,1.33889,2.25,2.25
2012.02.28 09:01:02.821,1.33867,1.33892,1.50,2.25
2012.02.28 09:01:05.149,1.33867,1.33893,2.25,2.69
2012.02.28 09:01:09.247,1.3387,1.33894,1.50,2.69
2012.02.28 09:01:09.947,1.33868,1.33892,2.25,2.25
2012.02.28 09:01:10.095,1.3387,1.33896,1.50,2.40
2012.02.28 09:01:10.777,1.33877,1.33899,1.50,1.19
2012.02.28 09:01:10.868,1.3387,1.33889,1.13,1.50
2012.02.28 09:01:10.945,1.33868,1.33892,3.00,1.35
2012.02.28 09:01:11.021,1.33868,1.33891,3.00,1.35
2012.02.28 09:01:11.303,1.3387,1.33893,1.50,2.25
2012.02.28 09:01:11.648,1.33872,1.33895,1.50,2.25
2012.02.28 09:01:12.521,1.3387,1.33893,1.50,2.25
2012.02.28 09:01:12.899,1.33873,1.33896,1.50,2.25
2012.02.28 09:01:13.150,1.3387,1.33894,1.50,2.25
2012.02.28 09:01:13.742,1.33876,1.33895,1.50,1.19
2012.02.28 09:01:13.950,1.33876,1.339,1.50,1.13
2012.02.28 09:01:14.199,1.33876,1.339,1.50,1.13
2012.02.28 09:01:14.388,1.33874,1.33897,1.50,1.50
2012.02.28 09:01:14.721,1.3387,1.33893,2.25,1.50
2012.02.28 09:01:15.055,1.33869,1.33892,1.50,2.25
2012.02.28 09:01:15.141,1.33867,1.33886,1.50,1.50
2012.02.28 09:01:15.280,1.33866,1.33888,1.50,1.50
2012.02.28 09:01:15.419,1.33866,1.33888,1.50,1.50
2012.02.28 09:01:16.399,1.33865,1.33888,1.50,2.25
2012.02.28 09:01:17.226,1.33865,1.33888,2.25,2.25
2012.02.28 09:01:18.585,1.33865,1.33888,1.50,2.25
2012.02.28 09:01:19.898,1.33865,1.33888,2.25,2.25
2012.02.28 09:01:21.697,1.33865,1.33888,2.25,2.25
2012.02.28 09:01:22.261,1.33868,1.33891,2.25,2.25
2012.02.28 09:01:22.331,1.33868,1.33891,2.25,2.25
2012.02.28 09:01:22.889,1.33868,1.33891,2.25,2.25
2012.02.28 09:01:24.136,1.33868,1.33891,2.25,2.25
2012.02.28 09:01:24.979,1.33868,1.33891,1.50,2.25
2012.02.28 09:01:25.490,1.33868,1.33891,2.25,1.50
2012.02.28 09:01:25.848,1.33868,1.33891,1.50,2.25
2012.02.28 09:01:26.062,1.33865,1.33888,1.50,2.25
2012.02.28 09:01:26.628,1.33863,1.33886,2.25,1.50
2012.02.28 09:01:26.706,1.3386,1.33885,3.00,1.50
2012.02.28 09:01:26.784,1.3386,1.33882,1.50,1.50
2012.02.28 09:01:27.143,1.33868,1.33893,2.25,1.19
2012.02.28 09:01:27.526,1.33868,1.33894,2.25,2.25
2012.02.28 09:01:27.657,1.33872,1.33895,1.50,1.19
2012.02.28 09:01:27.954,1.33869,1.33892,2.25,2.25
2012.02.28 09:01:28.490,1.33865,1.3389,2.25,1.50
2012.02.28 09:01:29.060,1.33869,1.33892,2.25,2.25
2012.02.28 09:01:30.350,1.33869,1.33892,2.25,1.50
2012.02.28 09:01:31.052,1.33869,1.33892,2.25,2.25
2012.02.28 09:01:34.497,1.33869,1.33892,2.25,1.50
2012.02.28 09:01:36.002,1.33866,1.3389,2.25,1.50
2012.02.28 09:01:36.206,1.33869,1.33893,2.25,1.50
2012.02.28 09:01:39.042,1.33869,1.33892,2.25,1.50
2012.02.28 09:01:40.258,1.33866,1.33889,2.25,1.50
2012.02.28 09:01:41.069,1.33866,1.33889,2.25,1.50
2012.02.28 09:01:43.787,1.33867,1.33893,2.25,2.25
2012.02.28 09:01:46.276,1.33866,1.33889,2.25,1.50
2012.02.28 09:01:46.526,1.33868,1.33894,2.25,2.25
2012.02.28 09:01:47.513,1.33871,1.33896,2.25,2.25
2012.02.28 09:01:48.225,1.33871,1.33894,2.25,1.50
2012.02.28 09:01:49.124,1.33869,1.33892,2.25,1.50
2012.02.28 09:01:49.197,1.33869,1.33892,2.25,1.50
2012.02.28 09:01:49.485,1.33866,1.33889,3.00,1.50
2012.02.28 09:01:50.020,1.33866,1.33889,3.00,1.50
2012.02.28 09:01:52.011,1.33866,1.33889,1.50,2.25
2012.02.28 09:01:52.144,1.33866,1.33889,1.50,1.50
2012.02.28 09:01:52.418,1.33868,1.33892,2.25,2.25
2012.02.28 09:01:52.747,1.33866,1.33889,1.50,1.50
2012.02.28 09:01:53.223,1.33863,1.33886,1.50,2.25
2012.02.28 09:01:53.500,1.33863,1.33886,2.25,1.50
2012.02.28 09:01:53.869,1.33861,1.33884,2.25,1.50
2012.02.28 09:01:54.758,1.33863,1.33888,2.25,2.25
2012.02.28 09:01:55.780,1.33869,1.3389,1.50,2.25
2012.02.28 09:01:56.245,1.33866,1.33887,1.50,2.25
2012.02.28 09:01:56.487,1.33861,1.33884,4.50,1.50
2012.02.28 09:01:56.780,1.33865,1.33886,2.25,1.50
2012.02.28 09:01:57.347,1.33861,1.33885,1.50,1.50
2012.02.28 09:01:57.536,1.33863,1.33885,1.50,2.25
2012.02.28 09:02:00.957,1.33863,1.33885,1.50,1.50
2012.02.28 09:02:01.565,1.33863,1.33885,1.50,2.25
2012.02.28 09:02:02.516,1.33859,1.33882,1.50,1.50
2012.02.28 09:02:02.762,1.33863,1.33883,1.50,1.50
2012.02.28 09:02:03.387,1.33863,1.33886,1.50,2.25
2012.02.28 09:02:03.803,1.33858,1.33883,2.25,2.25
2012.02.28 09:02:04.476,1.33862,1.33885,1.50,2.25
2012.02.28 09:02:04.670,1.33859,1.33882,2.25,2.25
2012.02.28 09:02:04.922,1.33856,1.33879,3.00,1.50
2012.02.28 09:02:05.667,1.33857,1.33883,2.25,2.25
2012.02.28 09:02:06.439,1.33856,1.3388,1.50,1.50
2012.02.28 09:02:06.688,1.33856,1.3388,1.50,1.50
2012.02.28 09:02:06.763,1.33856,1.3388,3.00,1.50
2012.02.28 09:02:06.831,1.33857,1.33883,2.25,2.25
2012.02.28 09:02:07.949,1.3386,1.33885,2.25,2.25
2012.02.28 09:02:08.583,1.33858,1.33882,2.25,1.50
2012.02.28 09:02:08.827,1.33857,1.33883,2.25,2.25
2012.02.28 09:02:09.464,1.33853,1.33879,3.00,1.50
2012.02.28 09:02:10.761,1.33857,1.3388,1.50,3.75
2012.02.28 09:02:11.494,1.33854,1.33876,1.50,1.50
2012.02.28 09:02:12.087,1.33853,1.33876,2.25,1.50
2012.02.28 09:02:12.378,1.33858,1.33882,1.50,2.69
2012.02.28 09:02:12.507,1.33858,1.33882,2.25,2.69
2012.02.28 09:02:13.155,1.33859,1.33882,1.50,2.25
2012.02.28 09:02:13.634,1.33856,1.3388,3.75,1.50
2012.02.28 09:02:14.209,1.33859,1.33884,1.50,3.00
2012.02.28 09:02:14.296,1.33861,1.33886,1.50,2.25
2012.02.28 09:02:14.378,1.33861,1.33886,2.25,2.25
2012.02.28 09:02:14.737,1.33859,1.33883,2.10,1.50
2012.02.28 09:02:14.811,1.3386,1.33885,2.25,1.50
2012.02.28 09:02:14.886,1.3386,1.33886,2.25,2.25
2012.02.28 09:02:16.261,1.33859,1.33879,1.35,1.50
2012.02.28 09:02:16.790,1.33855,1.33879,2.25,1.50
2012.02.28 09:02:16.859,1.33857,1.33883,2.25,2.25
2012.02.28 09:02:16.929,1.33857,1.33883,1.50,2.25
2012.02.28 09:02:17.490,1.33854,1.33877,1.35,1.50
2012.02.28 09:02:17.888,1.33851,1.33877,2.25,2.25
2012.02.28 09:02:18.079,1.33849,1.33873,4.35,1.50
2012.02.28 09:02:18.786,1.33849,1.33873,4.35,1.50
2012.02.28 09:02:19.317,1.33852,1.33877,2.25,2.25
2012.02.28 09:02:21.700,1.33852,1.33873,1.50,1.50
2012.02.28 09:02:22.037,1.3385,1.33871,1.50,1.50
2012.02.28 09:02:22.252,1.33852,1.33876,3.00,3.75
2012.02.28 09:02:22.323,1.33856,1.33878,1.50,2.25
2012.02.28 09:02:22.520,1.33856,1.33879,1.50,1.19
2012.02.28 09:02:23.006,1.33857,1.33883,2.25,3.60
2012.02.28 09:02:23.396,1.33854,1.33877,1.50,1.50
2012.02.28 09:02:23.748,1.33848,1.33872,2.25,1.50
2012.02.28 09:02:25.722,1.3385,1.33875,2.25,2.25
2012.02.28 09:02:26.262,1.33852,1.33878,1.50,2.25
2012.02.28 09:02:26.330,1.33852,1.33878,2.25,2.25
2012.02.28 09:02:27.257,1.33856,1.33879,1.50,2.25
2012.02.28 09:02:28.708,1.3385,1.3387,2.25,1.50
2012.02.28 09:02:28.899,1.33847,1.33869,2.25,1.50
2012.02.28 09:02:28.972,1.33845,1.33867,2.25,1.50
2012.02.28 09:02:29.041,1.33846,1.33871,2.25,2.40
2012.02.28 09:02:29.179,1.3385,1.33873,1.50,1.35
2012.02.28 09:02:29.253,1.33852,1.33875,1.50,3.29
2012.02.28 09:02:30.076,1.33852,1.33875,1.50,2.69
2012.02.28 09:02:30.358,1.33848,1.33873,2.25,2.25
2012.02.28 09:02:32.222,1.33851,1.33875,1.50,2.25
2012.02.28 09:02:33.871,1.33851,1.33875,2.25,1.50
2012.02.28 09:02:36.014,1.33847,1.33873,2.25,1.50
2012.02.28 09:02:36.537,1.3385,1.33876,2.25,2.25
2012.02.28 09:02:38.784,1.33845,1.3387,3.00,1.50
2012.02.28 09:02:38.868,1.33845,1.3387,3.00,1.50
2012.02.28 09:02:39.071,1.33847,1.33873,2.25,2.25
2012.02.28 09:02:39.269,1.33851,1.33875,1.50,2.25
2012.02.28 09:02:40.853,1.33851,1.33872,1.50,1.35
2012.02.28 09:02:40.935,1.33849,1.33872,1.50,2.85
2012.02.28 09:02:41.800,1.33849,1.33872,1.50,2.25
2012.02.28 09:02:42.320,1.33849,1.33872,1.50,2.85
2012.02.28 09:02:42.859,1.33846,1.33871,1.50,2.10
2012.02.28 09:02:43.900,1.33849,1.33872,1.50,1.35
2012.02.28 09:02:44.089,1.33851,1.33872,1.50,1.35
2012.02.28 09:02:44.163,1.33851,1.33876,1.50,1.35
2012.02.28 09:02:44.894,1.33849,1.33873,2.25,1.50
2012.02.28 09:02:44.970,1.33845,1.33871,3.00,1.50
2012.02.28 09:02:45.565,1.33845,1.33871,3.00,2.25
2012.02.28 09:02:46.221,1.33845,1.33871,3.00,2.25
2012.02.28 09:02:46.362,1.33845,1.3387,2.25,1.35
2012.02.28 09:02:46.432,1.33843,1.33868,2.40,2.25
2012.02.28 09:02:46.978,1.3384,1.33866,3.15,1.50
2012.02.28 09:02:47.490,1.33844,1.33867,1.50,2.25
2012.02.28 09:02:48.072,1.33847,1.3387,1.50,2.85
2012.02.28 09:02:51.369,1.33843,1.33868,2.40,2.25
2012.02.28 09:02:52.690,1.33843,1.33868,2.40,2.25
2012.02.28 09:02:52.761,1.3384,1.33865,3.15,1.50
2012.02.28 09:02:53.173,1.33841,1.33856,1.50,1.50
2012.02.28 09:02:53.325,1.33841,1.33861,1.50,1.50
2012.02.28 09:02:53.821,1.3384,1.33863,3.15,1.50
2012.02.28 09:02:53.903,1.33839,1.3386,1.65,1.50
2012.02.28 09:02:54.503,1.33841,1.33864,1.65,2.25
2012.02.28 09:02:57.297,1.33843,1.33868,1.65,2.25
2012.02.28 09:02:57.827,1.33843,1.33868,1.65,2.25
2012.02.28 09:02:58.070,1.33842,1.33864,2.40,1.50
2012.02.28 09:02:58.860,1.33842,1.33867,2.40,2.25
2012.02.28 09:03:01.968,1.33842,1.33867,2.40,2.25
2012.02.28 09:03:02.222,1.3384,1.33863,4.65,1.50
2012.02.28 09:03:03.121,1.3384,1.33863,2.40,1.50
2012.02.28 09:03:03.588,1.33837,1.3386,3.15,1.50
2012.02.28 09:03:03.942,1.33834,1.33857,2.40,1.50
2012.02.28 09:03:05.315,1.33834,1.33857,2.61,1.50
2012.02.28 09:03:05.453,1.33837,1.3386,2.40,3.00
2012.02.28 09:03:07.550,1.33837,1.3386,1.65,2.25
2012.02.28 09:03:08.090,1.33838,1.33864,1.65,2.85
2012.02.28 09:03:08.430,1.33842,1.33864,1.65,1.35
2012.02.28 09:03:09.187,1.33842,1.33865,1.65,2.25
2012.02.28 09:03:09.474,1.33845,1.33868,1.50,2.25
2012.02.28 09:03:10.069,1.33838,1.33864,2.40,1.50
2012.02.28 09:03:10.342,1.33837,1.33861,1.65,1.50
2012.02.28 09:03:12.597,1.33843,1.33867,1.65,2.25
2012.02.28 09:03:13.251,1.33835,1.33858,2.40,2.25
2012.02.28 09:03:14.062,1.33836,1.33862,2.40,2.25
2012.02.28 09:03:14.566,1.33836,1.33862,1.65,2.25
2012.02.28 09:03:15.158,1.33836,1.33862,1.65,2.25
2012.02.28 09:03:16.320,1.33837,1.33862,1.65,2.25
2012.02.28 09:03:16.689,1.33837,1.33862,2.40,2.25
2012.02.28 09:03:17.809,1.33833,1.33856,2.81,1.50
2012.02.28 09:03:18.380,1.33834,1.33856,1.22,1.50
2012.02.28 09:03:18.646,1.33829,1.33852,2.25,1.50
2012.02.28 09:03:19.157,1.33831,1.33854,1.50,2.25
2012.02.28 09:03:19.497,1.33834,1.33857,1.50,2.25
2012.02.28 09:03:21.117,1.33834,1.33857,1.50,2.25
2012.02.28 09:03:26.492,1.33832,1.33855,2.25,2.25
2012.02.28 09:03:27.062,1.33834,1.33858,1.50,2.25
2012.02.28 09:03:27.130,1.33834,1.33858,2.25,2.25
2012.02.28 09:03:27.712,1.3383,1.33855,3.00,1.50
2012.02.28 09:03:27.909,1.33836,1.33859,1.50,2.25
2012.02.28 09:03:28.101,1.33836,1.33859,2.25,2.25
2012.02.28 09:03:29.621,1.33836,1.33859,2.25,1.50
2012.02.28 09:03:30.640,1.33839,1.33862,1.50,3.75
2012.02.28 09:03:31.274,1.33839,1.33862,2.25,1.50
2012.02.28 09:03:31.615,1.33836,1.33858,3.00,1.50
2012.02.28 09:03:32.346,1.33838,1.33861,2.25,2.25
2012.02.28 09:03:35.949,1.3384,1.33864,1.50,1.35
2012.02.28 09:03:36.541,1.3384,1.33864,2.25,1.35
2012.02.28 09:03:36.611,1.3384,1.33864,1.50,1.35
2012.02.28 09:03:37.143,1.33837,1.33862,3.75,1.50
2012.02.28 09:03:37.861,1.33841,1.33864,1.50,2.25
2012.02.28 09:03:39.077,1.33841,1.33863,1.50,2.25
2012.02.28 09:03:39.160,1.33837,1.33862,3.00,1.50
2012.02.28 09:03:39.309,1.33842,1.33865,1.50,2.25
2012.02.28 09:03:39.951,1.33842,1.33863,1.50,1.50
2012.02.28 09:03:40.258,1.33838,1.33861,2.25,1.50
2012.02.28 09:03:40.326,1.33838,1.33861,2.25,1.50
2012.02.28 09:03:41.032,1.33838,1.33861,1.50,2.25
2012.02.28 09:03:41.435,1.33838,1.33857,1.50,1.50
2012.02.28 09:03:41.517,1.33832,1.33856,1.35,1.50
2012.02.28 09:03:41.652,1.33834,1.3386,2.25,3.00
2012.02.28 09:03:41.982,1.33837,1.33861,1.50,1.19
2012.02.28 09:03:42.298,1.33839,1.33862,1.50,1.19
2012.02.28 09:03:42.440,1.33837,1.33861,1.50,2.25
2012.02.28 09:03:42.512,1.3384,1.33862,1.50,1.19
2012.02.28 09:03:44.748,1.33837,1.33862,3.00,2.69
2012.02.28 09:03:46.289,1.33837,1.33861,2.25,1.19
2012.02.28 09:03:47.142,1.33841,1.33864,1.50,2.25
2012.02.28 09:03:47.284,1.33841,1.33864,1.50,2.25
2012.02.28 09:03:47.787,1.33841,1.33864,2.25,2.25
2012.02.28 09:03:49.478,1.33843,1.33867,1.50,2.25
2012.02.28 09:03:49.607,1.33841,1.33864,2.25,2.25
2012.02.28 09:03:51.170,1.33841,1.33864,2.25,1.50
2012.02.28 09:03:54.171,1.33841,1.33864,2.25,2.25
2012.02.28 09:03:56.979,1.33841,1.33864,2.25,1.50
2012.02.28 09:03:57.344,1.33841,1.33864,1.50,2.25
2012.02.28 09:03:57.557,1.33843,1.33867,1.50,2.25
2012.02.28 09:03:59.154,1.33841,1.33864,1.50,2.25
2012.02.28 09:03:59.234,1.33841,1.33864,1.50,3.75
2012.02.28 09:03:59.638,1.33841,1.33861,1.50,2.25
2012.02.28 09:03:59.713,1.33838,1.33861,1.50,3.75
2012.02.28 09:03:59.841,1.33835,1.33859,2.10,2.25
2012.02.28 09:04:01.589,1.33838,1.33861,1.50,2.25
2012.02.28 09:04:02.547,1.33838,1.33861,1.50,2.25
2012.02.28 09:04:02.841,1.33841,1.33864,1.50,3.75
2012.02.28 09:04:03.637,1.33841,1.33864,1.50,2.25
2012.02.28 09:04:05.140,1.33839,1.33861,2.25,1.50
2012.02.28 09:04:05.644,1.33835,1.33858,2.25,1.50
2012.02.28 09:04:06.151,1.33834,1.33857,1.35,1.50
2012.02.28 09:04:06.652,1.33838,1.33858,1.50,2.25
2012.02.28 09:04:06.780,1.33834,1.33858,3.60,2.25
2012.02.28 09:04:07.507,1.33839,1.33859,1.50,1.19
2012.02.28 09:04:07.584,1.33835,1.33858,2.25,2.25
2012.02.28 09:04:08.558,1.33833,1.33856,1.35,2.25
2012.02.28 09:04:09.822,1.33833,1.33852,1.35,1.50
2012.02.28 09:04:11.422,1.33833,1.33856,1.35,2.25
2012.02.28 09:04:11.818,1.33836,1.33858,1.50,1.19
2012.02.28 09:04:12.100,1.33832,1.33857,3.00,2.25
2012.02.28 09:04:12.964,1.33833,1.33856,1.50,1.50
2012.02.28 09:04:13.503,1.33834,1.33855,1.50,1.50
2012.02.28 09:04:13.820,1.33834,1.33857,3.00,2.25
2012.02.28 09:04:14.369,1.33834,1.33857,1.50,2.25
2012.02.28 09:04:14.822,1.33831,1.33855,1.50,1.50
2012.02.28 09:04:15.684,1.3383,1.33855,2.25,2.25
2012.02.28 09:04:16.050,1.33824,1.33849,2.25,2.25
2012.02.28 09:04:16.405,1.33818,1.33843,3.00,1.50
2012.02.28 09:04:16.485,1.33821,1.33846,3.00,2.69
2012.02.28 09:04:16.922,1.33824,1.33846,1.50,2.69
2012.02.28 09:04:17.067,1.33824,1.33846,1.50,2.69
2012.02.28 09:04:17.150,1.33823,1.33846,2.10,2.25
2012.02.28 09:04:17.229,1.3383,1.33855,2.25,2.85
2012.02.28 09:04:17.311,1.33835,1.33855,1.50,1.35
2012.02.28 09:04:17.383,1.33828,1.33851,1.50,2.25
2012.02.28 09:04:17.941,1.33824,1.33849,3.00,1.50
2012.02.28 09:04:18.009,1.33824,1.33849,2.25,2.25
2012.02.28 09:04:18.537,1.33824,1.33849,3.00,2.25
2012.02.28 09:04:18.728,1.33828,1.3385,1.50,2.25
2012.02.28 09:04:19.992,1.33828,1.33851,1.50,2.25
2012.02.28 09:04:20.179,1.33828,1.33851,1.50,2.25
2012.02.28 09:04:20.346,1.33828,1.33851,1.50,2.25
2012.02.28 09:04:20.804,1.33828,1.33851,1.50,2.25
2012.02.28 09:04:20.968,1.33828,1.33847,1.50,2.25
2012.02.28 09:04:21.047,1.33824,1.3385,3.75,2.25
2012.02.28 09:04:21.250,1.33827,1.33849,1.50,2.25
2012.02.28 09:04:21.333,1.33823,1.33847,2.25,2.25
2012.02.28 09:04:21.819,1.33821,1.33844,1.50,2.25
2012.02.28 09:04:22.330,1.33821,1.33844,1.50,2.25
2012.02.28 09:04:22.725,1.33821,1.33844,1.50,2.25
2012.02.28 09:04:23.299,1.33821,1.33844,1.50,2.25
2012.02.28 09:04:24.538,1.33816,1.33841,1.50,2.25
2012.02.28 09:04:26.079,1.33816,1.33841,2.25,2.25
2012.02.28 09:04:27.592,1.33817,1.33841,1.50,2.25
2012.02.28 09:04:27.662,1.33818,1.33841,4.50,2.25
2012.02.28 09:04:28.484,1.33823,1.33844,1.13,2.25
2012.02.28 09:04:28.572,1.33825,1.33849,1.50,2.25
2012.02.28 09:04:28.639,1.33825,1.33851,2.25,2.69
2012.02.28 09:04:29.114,1.33826,1.33851,1.50,2.25
2012.02.28 09:04:30.579,1.33828,1.33851,1.13,2.25
2012.02.28 09:04:30.664,1.33829,1.33853,1.88,2.25
2012.02.28 09:04:32.076,1.33829,1.33853,1.88,2.25
2012.02.28 09:04:32.251,1.33831,1.33853,4.50,2.25
2012.02.28 09:04:32.470,1.33831,1.33856,6.00,2.25
2012.02.28 09:04:32.988,1.33835,1.33859,1.13,2.25
2012.02.28 09:04:33.061,1.33833,1.33859,1.50,2.25
2012.02.28 09:04:34.355,1.33837,1.3386,1.50,3.00
2012.02.28 09:04:34.817,1.33842,1.33865,1.50,2.85
2012.02.28 09:04:35.365,1.33841,1.33862,1.50,2.25
2012.02.28 09:04:35.441,1.33839,1.33862,2.25,2.25
2012.02.28 09:04:35.773,1.33836,1.3386,1.50,2.25
2012.02.28 09:04:35.904,1.33833,1.33858,3.75,2.25
2012.02.28 09:04:35.979,1.33833,1.33847,3.00,1.50
2012.02.28 09:04:36.592,1.33833,1.33847,2.25,1.50
2012.02.28 09:04:37.549,1.33835,1.33847,1.50,1.50
2012.02.28 09:04:38.249,1.33836,1.33847,1.50,1.50
2012.02.28 09:04:40.041,1.33833,1.33847,2.25,1.50
2012.02.28 09:04:40.418,1.33833,1.33858,3.00,2.85
2012.02.28 09:04:41.063,1.33831,1.33853,1.50,1.50
2012.02.28 09:04:41.127,1.33831,1.33853,1.50,1.50
2012.02.28 09:04:41.997,1.33831,1.33853,1.50,2.25
2012.02.28 09:04:44.468,1.33832,1.33855,1.50,2.25
2012.02.28 09:04:44.659,1.33832,1.33856,2.25,2.25
2012.02.28 09:04:45.003,1.33835,1.33858,1.50,3.75
2012.02.28 09:04:47.533,1.33835,1.33851,1.50,1.50
2012.02.28 09:04:47.610,1.33825,1.33849,2.25,1.50
2012.02.28 09:04:47.681,1.33825,1.33849,2.25,2.25
2012.02.28 09:04:49.580,1.33825,1.33849,3.60,2.25
2012.02.28 09:04:49.992,1.33828,1.33849,1.50,1.50
2012.02.28 09:04:50.079,1.33838,1.33858,3.00,1.35
2012.02.28 09:04:50.296,1.33834,1.33858,3.00,1.35
2012.02.28 09:04:50.433,1.33835,1.33859,2.25,2.85
2012.02.28 09:04:50.767,1.33839,1.33852,1.50,1.50
2012.02.28 09:04:50.838,1.33839,1.33858,1.50,1.35
2012.02.28 09:04:51.311,1.33839,1.33857,1.50,2.25
2012.02.28 09:04:51.850,1.33828,1.33851,2.25,1.50
2012.02.28 09:04:52.412,1.33825,1.33848,2.25,1.50
2012.02.28 09:04:52.929,1.33825,1.33848,2.25,1.50
2012.02.28 09:05:00.483,1.33822,1.33846,1.50,1.50
2012.02.28 09:05:00.550,1.33822,1.33846,1.50,1.50
2012.02.28 09:05:02.573,1.33821,1.33846,2.25,2.25
2012.02.28 09:05:04.490,1.33819,1.33843,3.00,1.50
2012.02.28 09:05:04.909,1.3382,1.33836,1.50,1.50
2012.02.28 09:05:04.985,1.3382,1.33836,1.50,1.50
2012.02.28 09:05:05.591,1.33814,1.33838,2.25,1.50
2012.02.28 09:05:08.670,1.33814,1.33838,2.25,1.50
2012.02.28 09:05:09.439,1.33814,1.33838,2.25,2.25
2012.02.28 09:05:10.230,1.33814,1.33838,1.50,2.25
2012.02.28 09:05:10.359,1.3381,1.33835,2.25,1.50
2012.02.28 09:05:12.169,1.3381,1.33835,2.25,1.50
2012.02.28 09:05:12.298,1.33814,1.33837,2.25,1.50
2012.02.28 09:05:12.558,1.33811,1.33834,2.25,1.50
2012.02.28 09:05:13.017,1.33812,1.33838,2.25,2.25
2012.02.28 09:05:14.348,1.33812,1.33838,2.25,2.25
2012.02.28 09:05:14.729,1.33815,1.33839,2.25,1.19
2012.02.28 09:05:15.103,1.33815,1.33839,2.25,1.19
2012.02.28 09:05:16.446,1.33813,1.33837,3.75,1.50
2012.02.28 09:05:16.748,1.33813,1.33837,2.25,1.50
2012.02.28 09:05:17.307,1.33815,1.3384,1.50,2.25
2012.02.28 09:05:18.536,1.33813,1.33837,2.25,1.50
2012.02.28 09:05:19.268,1.33816,1.33839,1.50,2.25
2012.02.28 09:05:20.396,1.33816,1.33839,1.50,2.25
2012.02.28 09:05:20.527,1.33811,1.33837,2.25,2.25
2012.02.28 09:05:21.087,1.33815,1.33838,1.50,2.25
2012.02.28 09:05:21.347,1.33815,1.33838,2.25,1.50
2012.02.28 09:05:22.438,1.33811,1.33837,2.25,1.50
2012.02.28 09:05:22.777,1.33811,1.33837,2.25,2.25
2012.02.28 09:05:23.419,1.33815,1.33838,1.50,2.25
2012.02.28 09:05:23.928,1.33815,1.33838,2.25,2.25
2012.02.28 09:05:30.779,1.33815,1.33838,3.75,1.50
2012.02.28 09:05:30.993,1.33815,1.33838,3.00,2.25
2012.02.28 09:05:31.337,1.33815,1.33838,3.75,2.25
2012.02.28 09:05:31.623,1.33821,1.33843,1.50,1.50
2012.02.28 09:05:31.835,1.33824,1.33848,2.25,3.38
2012.02.28 09:05:32.214,1.33821,1.33846,3.75,2.33
2012.02.28 09:05:33.812,1.33819,1.33842,2.25,1.50
2012.02.28 09:05:34.200,1.33819,1.33842,1.50,2.25
2012.02.28 09:05:34.471,1.33819,1.33839,1.50,1.50
2012.02.28 09:05:34.821,1.33816,1.33836,1.50,1.50
2012.02.28 09:05:35.061,1.33818,1.33839,1.50,1.50
2012.02.28 09:05:35.127,1.33818,1.33843,1.50,2.25
2012.02.28 09:05:35.507,1.33816,1.33836,2.25,1.50
2012.02.28 09:05:36.198,1.33816,1.33836,2.10,1.50
2012.02.28 09:05:36.414,1.33818,1.33841,2.25,1.50
2012.02.28 09:05:36.495,1.33821,1.33844,2.25,2.25
2012.02.28 09:05:38.792,1.33818,1.33841,3.00,1.50
2012.02.28 09:05:40.323,1.33818,1.33842,3.00,1.50
2012.02.28 09:05:40.395,1.33818,1.33842,3.00,2.25
2012.02.28 09:05:40.482,1.33822,1.33848,2.25,2.25
2012.02.28 09:05:40.624,1.33822,1.33848,3.60,2.25
2012.02.28 09:05:41.070,1.3382,1.33843,2.25,1.50
2012.02.28 09:05:41.403,1.33821,1.33843,2.25,1.50
2012.02.28 09:05:41.468,1.33822,1.33847,2.25,2.25
2012.02.28 09:05:48.471,1.33822,1.33847,2.25,2.85
2012.02.28 09:05:48.817,1.33825,1.33847,1.50,1.35
2012.02.28 09:05:48.903,1.33819,1.33845,2.25,2.25
2012.02.28 09:05:49.041,1.33821,1.33845,1.35,2.25
2012.02.28 09:05:49.384,1.33824,1.33848,2.25,2.25
2012.02.28 09:05:49.579,1.33827,1.33851,1.50,3.00
2012.02.28 09:05:49.648,1.33824,1.33848,2.25,2.25
2012.02.28 09:05:50.249,1.33823,1.33845,1.35,1.50
2012.02.28 09:05:50.404,1.33822,1.33845,2.10,2.25
2012.02.28 09:05:51.637,1.33824,1.33848,1.50,2.25
2012.02.28 09:05:55.131,1.33824,1.33848,1.50,2.25
2012.02.28 09:05:56.780,1.33822,1.33845,1.50,2.25
2012.02.28 09:06:01.265,1.33826,1.33848,1.50,2.25
2012.02.28 09:06:02.083,1.33821,1.33844,1.50,2.25
2012.02.28 09:06:02.445,1.33817,1.33842,2.25,1.50
2012.02.28 09:06:02.911,1.33817,1.33842,2.25,1.50
2012.02.28 09:06:02.994,1.33822,1.33845,2.25,2.25
2012.02.28 09:06:03.073,1.3382,1.33843,1.50,2.25
2012.02.28 09:06:03.283,1.33822,1.33844,1.50,2.25
2012.02.28 09:06:03.634,1.33824,1.33849,1.50,2.25
2012.02.28 09:06:03.843,1.33822,1.33845,2.25,1.50
2012.02.28 09:06:04.155,1.33819,1.33843,2.25,1.50
2012.02.28 09:06:05.820,1.33816,1.33841,2.25,2.25
2012.02.28 09:06:05.896,1.33812,1.33837,1.50,1.50
2012.02.28 09:06:06.042,1.33811,1.33837,2.25,2.25
2012.02.28 09:06:06.301,1.33811,1.33833,1.50,1.50
2012.02.28 09:06:07.041,1.33814,1.33838,1.50,1.50
2012.02.28 09:06:07.593,1.33813,1.33834,1.50,1.50
2012.02.28 09:06:07.658,1.33813,1.33834,1.50,1.50
2012.02.28 09:06:09.140,1.33813,1.33832,1.50,1.50
2012.02.28 09:06:09.333,1.3381,1.33832,1.50,2.25
2012.02.28 09:06:09.843,1.3381,1.33832,1.50,2.25
2012.02.28 09:06:09.921,1.3381,1.33832,1.50,2.25
2012.02.28 09:06:10.127,1.3381,1.33832,1.50,2.25
2012.02.28 09:06:10.570,1.3381,1.33832,1.50,2.25
2012.02.28 09:06:10.731,1.33812,1.33835,1.50,2.25
2012.02.28 09:06:11.487,1.33812,1.33835,1.50,2.25
2012.02.28 09:06:11.559,1.33808,1.33831,1.35,2.25
2012.02.28 09:06:12.023,1.33807,1.33827,1.50,1.50
2012.02.28 09:06:12.583,1.33805,1.33824,1.35,1.50
2012.02.28 09:06:12.728,1.33808,1.33826,1.50,1.50
2012.02.28 09:06:12.803,1.33808,1.3383,1.50,1.50
2012.02.28 09:06:13.087,1.33808,1.33827,1.50,1.50
2012.02.28 09:06:13.609,1.33807,1.33831,1.50,1.50
2012.02.28 09:06:14.161,1.33809,1.33834,1.50,2.25
2012.02.28 09:06:15.052,1.33809,1.33833,1.50,2.25
2012.02.28 09:06:16.422,1.33806,1.3383,2.25,2.25
2012.02.28 09:06:16.717,1.33809,1.3383,2.25,2.25
2012.02.28 09:06:17.023,1.33811,1.33832,1.50,1.19
2012.02.28 09:06:17.278,1.33804,1.3383,2.25,2.25
2012.02.28 09:06:17.627,1.33803,1.33826,1.50,1.50
2012.02.28 09:06:17.962,1.33801,1.33823,1.50,1.50
2012.02.28 09:06:18.033,1.33804,1.33825,1.50,2.25
2012.02.28 09:06:19.310,1.33801,1.33818,1.50,1.50
2012.02.28 09:06:19.842,1.33801,1.33818,1.50,1.50
2012.02.28 09:06:20.121,1.33801,1.33822,1.50,1.50
2012.02.28 09:06:20.630,1.33801,1.33822,1.50,1.50
2012.02.28 09:06:21.859,1.33801,1.33825,1.50,2.25
2012.02.28 09:06:22.220,1.33804,1.33826,1.50,2.69
2012.02.28 09:06:22.740,1.33804,1.33826,1.50,1.19
2012.02.28 09:06:23.440,1.33804,1.33826,1.50,1.34
2012.02.28 09:06:23.568,1.33802,1.33824,1.50,2.25
2012.02.28 09:06:24.094,1.33794,1.33819,3.00,2.25
2012.02.28 09:06:24.245,1.33794,1.33819,3.00,2.25
2012.02.28 09:06:24.596,1.33806,1.33826,1.50,1.19
2012.02.28 09:06:24.757,1.33806,1.33828,1.50,1.19
2012.02.28 09:06:25.049,1.33806,1.33829,1.50,2.25
2012.02.28 09:06:25.240,1.33808,1.33831,1.50,1.19
2012.02.28 09:06:25.384,1.33805,1.3383,1.50,2.25
2012.02.28 09:06:26.491,1.33805,1.3383,2.25,1.50
2012.02.28 09:06:26.986,1.3381,1.33831,1.50,1.19
2012.02.28 09:06:28.136,1.33806,1.33831,2.25,2.25
2012.02.28 09:06:28.510,1.33806,1.33831,1.50,2.25
2012.02.28 09:06:28.899,1.33808,1.33831,1.50,2.25
2012.02.28 09:06:29.241,1.3381,1.33833,1.50,2.25
2012.02.28 09:06:29.521,1.33805,1.33828,2.25,1.50
2012.02.28 09:06:30.259,1.33807,1.3383,1.50,2.25
2012.02.28 09:06:30.335,1.33807,1.33832,2.25,2.25
2012.02.28 09:06:30.884,1.33809,1.33832,1.50,2.25
2012.02.28 09:06:31.226,1.33805,1.33831,2.25,2.25
2012.02.28 09:06:31.668,1.33803,1.33828,1.50,2.25
2012.02.28 09:06:32.832,1.33802,1.33824,1.50,1.50
2012.02.28 09:06:33.614,1.33801,1.33821,1.50,1.50
2012.02.28 09:06:33.957,1.33796,1.33819,1.50,1.50
2012.02.28 09:06:34.292,1.33796,1.33817,1.50,1.50
2012.02.28 09:06:34.364,1.33796,1.33819,1.50,1.50
2012.02.28 09:06:34.445,1.33797,1.33821,1.50,2.25
2012.02.28 09:06:34.520,1.33797,1.33817,1.50,1.50
2012.02.28 09:06:35.114,1.33798,1.33816,1.50,1.50
2012.02.28 09:06:35.207,1.3379,1.33815,2.25,1.50
2012.02.28 09:06:35.278,1.3379,1.33815,2.25,2.25
2012.02.28 09:06:35.431,1.3379,1.33813,2.25,1.50
2012.02.28 09:06:35.774,1.33785,1.33809,2.25,1.50
2012.02.28 09:06:35.924,1.33787,1.33812,2.25,2.25
2012.02.28 09:06:36.855,1.33791,1.33814,2.25,1.50
2012.02.28 09:06:37.213,1.33785,1.3381,1.50,1.50
2012.02.28 09:06:37.409,1.33785,1.3381,1.50,1.50
2012.02.28 09:06:37.547,1.33789,1.33812,2.25,3.00
2012.02.28 09:06:38.103,1.33791,1.33816,2.25,2.25
2012.02.28 09:06:38.656,1.33795,1.33817,1.50,1.50
2012.02.28 09:06:38.734,1.33793,1.33816,1.50,2.25
2012.02.28 09:06:38.812,1.33791,1.33816,2.25,2.25
2012.02.28 09:06:38.892,1.33788,1.33813,2.25,2.25
2012.02.28 09:06:39.520,1.33788,1.33808,1.50,1.50
2012.02.28 09:06:39.605,1.33782,1.33807,2.25,1.50
2012.02.28 09:06:39.675,1.33784,1.33809,2.25,1.50
2012.02.28 09:06:40.301,1.33784,1.33809,2.25,2.25
2012.02.28 09:06:40.633,1.33782,1.33805,2.25,1.50
2012.02.28 09:06:41.208,1.33779,1.33803,3.00,1.50
2012.02.28 09:06:41.426,1.33781,1.33807,2.25,3.00
2012.02.28 09:06:41.573,1.33778,1.33801,2.25,1.50
2012.02.28 09:06:41.716,1.33779,1.33805,2.25,1.50
2012.02.28 09:06:41.998,1.33779,1.33805,2.25,2.25
2012.02.28 09:06:42.225,1.33779,1.33805,2.25,2.25
2012.02.28 09:06:42.794,1.33778,1.338,1.50,2.25
2012.02.28 09:06:43.144,1.33772,1.33794,1.50,1.50
2012.02.28 09:06:43.321,1.33772,1.33794,1.50,1.50
2012.02.28 09:06:43.839,1.33773,1.33798,3.00,2.25
2012.02.28 09:06:44.254,1.33771,1.33794,2.25,2.10
2012.02.28 09:06:44.986,1.33764,1.33777,2.25,1.50
2012.02.28 09:06:45.082,1.33765,1.33786,2.25,1.19
2012.02.28 09:06:45.301,1.33764,1.33785,1.50,1.50
2012.02.28 09:06:45.585,1.33764,1.33785,1.50,1.50
2012.02.28 09:06:45.803,1.33766,1.33785,1.50,1.50
2012.02.28 09:06:46.130,1.33766,1.33785,1.50,1.50
2012.02.28 09:06:46.216,1.33766,1.33788,1.50,1.35
2012.02.28 09:06:46.432,1.33768,1.3379,1.50,1.50
2012.02.28 09:06:46.562,1.33772,1.33792,1.50,1.35
2012.02.28 09:06:46.975,1.33772,1.33792,1.88,1.35
2012.02.28 09:06:47.084,1.33777,1.33798,1.50,2.25
2012.02.28 09:06:47.176,1.33779,1.33802,1.50,2.10
2012.02.28 09:06:47.705,1.33773,1.33796,2.25,1.50
2012.02.28 09:06:47.997,1.33773,1.33796,6.75,1.50
2012.02.28 09:06:48.354,1.33779,1.33793,6.00,1.50
2012.02.28 09:06:48.451,1.33787,1.33804,1.50,2.25
2012.02.28 09:06:48.528,1.3379,1.33805,1.50,1.50
2012.02.28 09:06:48.958,1.33792,1.33814,2.25,1.50
2012.02.28 09:06:49.118,1.3379,1.33816,2.25,1.94
2012.02.28 09:06:49.336,1.33793,1.33818,2.25,2.25
2012.02.28 09:06:49.412,1.33793,1.33818,2.25,1.50
2012.02.28 09:06:49.668,1.33793,1.33818,2.25,2.25
2012.02.28 09:06:49.816,1.33793,1.33818,2.25,3.00
2012.02.28 09:06:50.321,1.33793,1.33818,2.25,2.25
2012.02.28 09:06:50.404,1.33793,1.33816,1.50,1.50
2012.02.28 09:06:50.733,1.33788,1.33812,2.25,1.50
2012.02.28 09:06:50.874,1.33791,1.33814,2.25,1.50
2012.02.28 09:06:51.164,1.33788,1.33812,2.25,1.50
2012.02.28 09:06:52.087,1.33785,1.33806,2.25,1.50
2012.02.28 09:06:52.418,1.3378,1.33803,2.25,1.50
2012.02.28 09:06:52.860,1.33778,1.33803,2.25,3.00
2012.02.28 09:06:52.933,1.33778,1.33801,1.50,3.00
2012.02.28 09:06:53.479,1.33778,1.33796,1.50,1.50
2012.02.28 09:06:53.807,1.33771,1.33794,2.25,1.50
2012.02.28 09:06:54.141,1.33773,1.33798,2.25,1.50
2012.02.28 09:06:54.486,1.33775,1.33801,2.25,1.50
2012.02.28 09:06:54.566,1.33775,1.33799,2.25,1.50
2012.02.28 09:06:55.050,1.33774,1.33797,1.50,1.50
2012.02.28 09:06:55.127,1.33777,1.338,2.25,1.50
2012.02.28 09:06:55.402,1.33777,1.338,2.25,1.50
2012.02.28 09:06:56.239,1.33777,1.338,2.25,1.50
2012.02.28 09:06:56.807,1.33777,1.338,2.25,1.50
2012.02.28 09:06:57.205,1.33777,1.338,2.25,1.50
2012.02.28 09:06:57.423,1.3378,1.33803,3.75,1.50
2012.02.28 09:06:57.562,1.33782,1.33806,2.25,1.94
2012.02.28 09:06:57.698,1.33778,1.33804,2.25,1.50
2012.02.28 09:06:58.009,1.33778,1.33804,2.25,1.50
2012.02.28 09:06:58.533,1.33782,1.33805,2.25,1.50
2012.02.28 09:06:58.850,1.33779,1.33803,2.25,1.50
2012.02.28 09:06:59.919,1.33776,1.338,3.00,1.50
2012.02.28 09:06:59.991,1.33776,1.338,3.00,1.50
2012.02.28 09:07:00.129,1.33776,1.338,3.00,1.50
2012.02.28 09:07:00.201,1.3378,1.33806,2.25,2.10
2012.02.28 09:07:00.399,1.3378,1.33806,2.25,2.10
2012.02.28 09:07:00.496,1.33778,1.33801,3.75,1.50
2012.02.28 09:07:01.561,1.33778,1.33801,2.25,1.50
2012.02.28 09:07:02.469,1.33778,1.33801,2.25,1.50
2012.02.28 09:07:02.972,1.33778,1.33801,2.25,2.10
2012.02.28 09:07:03.637,1.33774,1.33797,2.25,1.50
2012.02.28 09:07:03.780,1.33772,1.33796,1.82,1.50
2012.02.28 09:07:04.785,1.33772,1.33795,1.13,1.50
2012.02.28 09:07:04.865,1.33772,1.33791,1.13,1.50
2012.02.28 09:07:04.945,1.33772,1.3379,1.13,1.50
2012.02.28 09:07:05.412,1.33772,1.33793,1.13,1.50
2012.02.28 09:07:05.491,1.33772,1.33797,2.63,2.09
2012.02.28 09:07:05.706,1.33772,1.33797,2.63,1.50
2012.02.28 09:07:05.921,1.33772,1.33795,2.25,1.50
2012.02.28 09:07:06.240,1.33772,1.33795,2.25,2.10
2012.02.28 09:07:06.435,1.33772,1.33793,2.25,2.10
2012.02.28 09:07:06.512,1.33771,1.33791,1.13,1.50
2012.02.28 09:07:06.880,1.33772,1.33793,1.13,2.10
2012.02.28 09:07:06.955,1.33772,1.33793,1.13,1.50
2012.02.28 09:07:07.250,1.33772,1.33793,1.13,1.50
2012.02.28 09:07:07.891,1.33775,1.33801,2.25,2.24
2012.02.28 09:07:08.493,1.33771,1.33796,2.63,1.50
2012.02.28 09:07:08.692,1.33774,1.33798,2.25,1.50
2012.02.28 09:07:09.112,1.33771,1.33795,2.25,1.50
2012.02.28 09:07:09.481,1.3377,1.33795,2.25,1.50
2012.02.28 09:07:09.621,1.3377,1.33795,2.25,1.50
2012.02.28 09:07:09.828,1.33774,1.33798,2.25,1.50
2012.02.28 09:07:10.222,1.33774,1.33798,2.25,1.94
2012.02.28 09:07:10.298,1.33771,1.33794,2.25,1.50
2012.02.28 09:07:10.783,1.33768,1.33791,2.25,1.50
2012.02.28 09:07:10.848,1.33768,1.33791,2.25,1.50
2012.02.28 09:07:11.011,1.33771,1.33795,1.50,1.50
2012.02.28 09:07:11.281,1.33774,1.33797,2.25,1.50
2012.02.28 09:07:11.671,1.33769,1.33792,2.25,1.50
2012.02.28 09:07:12.752,1.33771,1.33794,2.25,1.50
2012.02.28 09:07:12.828,1.33771,1.33796,2.25,1.50
2012.02.28 09:07:12.983,1.33774,1.33797,2.25,1.94
2012.02.28 09:07:13.193,1.33774,1.33799,2.25,1.50
2012.02.28 09:07:13.958,1.33774,1.33797,2.25,1.50
2012.02.28 09:07:14.045,1.33773,1.33799,3.00,1.50
2012.02.28 09:07:14.533,1.33781,1.33802,4.50,2.25
2012.02.28 09:07:14.611,1.33783,1.33802,1.50,1.50
2012.02.28 09:07:14.761,1.33783,1.33804,1.50,1.50
2012.02.28 09:07:14.836,1.33786,1.33807,1.50,1.50
2012.02.28 09:07:15.053,1.33784,1.33807,2.25,3.00
2012.02.28 09:07:15.181,1.33783,1.33804,1.50,1.50
2012.02.28 09:07:15.722,1.3378,1.33803,2.25,1.50
2012.02.28 09:07:15.866,1.33783,1.33806,2.25,1.05
2012.02.28 09:07:16.151,1.33785,1.3381,2.25,2.25
2012.02.28 09:07:16.539,1.33783,1.33807,2.25,1.50
2012.02.28 09:07:16.935,1.33781,1.33804,2.25,1.50
2012.02.28 09:07:17.521,1.33781,1.33804,2.25,1.50
2012.02.28 09:07:18.427,1.33784,1.33807,1.50,3.75
2012.02.28 09:07:18.785,1.33784,1.33807,2.25,2.25
2012.02.28 09:07:19.341,1.33786,1.33807,1.50,1.50
2012.02.28 09:07:19.691,1.3378,1.33804,2.25,2.85
2012.02.28 09:07:19.986,1.33774,1.33795,1.50,1.50
2012.02.28 09:07:20.332,1.33774,1.33793,1.13,1.50
2012.02.28 09:07:20.872,1.33769,1.33793,2.25,1.50
2012.02.28 09:07:21.210,1.33766,1.3379,2.25,1.50
2012.02.28 09:07:21.288,1.33765,1.33783,1.50,1.50
2012.02.28 09:07:21.446,1.33765,1.33786,1.50,1.50
2012.02.28 09:07:21.736,1.33765,1.33789,1.50,1.50
2012.02.28 09:07:22.294,1.33765,1.33789,1.50,1.50
2012.02.28 09:07:22.549,1.33765,1.33789,1.50,1.50
2012.02.28 09:07:22.889,1.33765,1.33788,1.50,1.50
2012.02.28 09:07:23.471,1.33765,1.33782,1.50,1.50
2012.02.28 09:07:23.981,1.33759,1.33784,2.25,1.50
2012.02.28 09:07:24.073,1.33758,1.33784,3.75,1.50
2012.02.28 09:07:24.220,1.33764,1.33784,1.50,1.50
2012.02.28 09:07:24.595,1.3377,1.33792,1.50,1.50
2012.02.28 09:07:24.745,1.33771,1.33792,1.50,1.50
2012.02.28 09:07:25.072,1.33769,1.33787,1.13,1.50
2012.02.28 09:07:25.605,1.33765,1.33787,1.50,1.50
2012.02.28 09:07:27.076,1.33764,1.3379,2.25,1.50
2012.02.28 09:07:27.224,1.33763,1.33787,1.13,1.50
2012.02.28 09:07:27.706,1.33766,1.33789,2.25,1.50
2012.02.28 09:07:27.784,1.33769,1.33789,2.25,1.50
2012.02.28 09:07:28.193,1.33768,1.33793,2.25,3.75
2012.02.28 09:07:28.930,1.33771,1.33794,2.25,1.79
2012.02.28 09:07:28.998,1.33769,1.33792,2.25,1.50
2012.02.28 09:07:29.507,1.33769,1.33792,2.25,1.50
2012.02.28 09:07:29.912,1.33766,1.33791,1.50,1.50
2012.02.28 09:07:30.585,1.33765,1.33787,1.50,1.50
2012.02.28 09:07:30.989,1.33761,1.33786,2.25,1.50
2012.02.28 09:07:31.504,1.33764,1.33787,2.25,1.50
2012.02.28 09:07:31.770,1.33762,1.33785,2.25,1.50
2012.02.28 09:07:32.164,1.3376,1.33782,1.50,1.50
2012.02.28 09:07:32.298,1.33758,1.33782,2.25,1.50
2012.02.28 09:07:33.025,1.33758,1.33782,3.00,1.50
2012.02.28 09:07:33.417,1.33762,1.33787,2.25,1.50
2012.02.28 09:07:33.709,1.3376,1.33783,2.25,1.50
2012.02.28 09:07:34.050,1.33757,1.3378,3.00,1.50
2012.02.28 09:07:34.263,1.33759,1.33782,2.25,1.50
2012.02.28 09:07:34.905,1.33759,1.33783,2.25,1.50
2012.02.28 09:07:38.072,1.33767,1.33789,1.50,1.50
2012.02.28 09:07:38.201,1.33767,1.33791,1.50,3.00
2012.02.28 09:07:39.080,1.33767,1.3379,1.50,1.50
2012.02.28 09:07:39.503,1.33767,1.33788,1.50,1.50
2012.02.28 09:07:39.645,1.33767,1.33791,1.50,1.50
2012.02.28 09:07:41.121,1.33774,1.33793,4.50,3.00
2012.02.28 09:07:41.329,1.33775,1.33796,1.13,1.94
2012.02.28 09:07:41.475,1.33774,1.338,6.38,2.25
2012.02.28 09:07:41.626,1.33773,1.33797,1.13,2.25
2012.02.28 09:07:41.772,1.33773,1.33795,1.13,1.50
2012.02.28 09:07:42.306,1.33774,1.33792,1.13,1.50
2012.02.28 09:07:42.860,1.33775,1.33792,1.13,1.50
2012.02.28 09:07:42.991,1.33777,1.33797,1.50,1.50
2012.02.28 09:07:43.125,1.33775,1.33797,1.13,1.50
2012.02.28 09:07:43.267,1.33775,1.33793,1.13,1.50
2012.02.28 09:07:43.981,1.33775,1.33793,1.13,1.50
2012.02.28 09:07:44.062,1.33775,1.33796,1.13,1.50
2012.02.28 09:07:44.133,1.33773,1.33796,2.63,1.50
2012.02.28 09:07:44.951,1.33773,1.3379,1.13,1.50
2012.02.28 09:07:45.019,1.33767,1.3379,1.58,1.50
2012.02.28 09:07:45.616,1.33768,1.33786,1.50,1.50
2012.02.28 09:07:45.696,1.33767,1.33792,3.00,2.40
2012.02.28 09:07:46.101,1.33769,1.33792,1.50,1.50
2012.02.28 09:07:46.542,1.3377,1.33795,2.25,1.94
2012.02.28 09:07:48.769,1.3377,1.33793,2.25,1.50
2012.02.28 09:07:49.224,1.33769,1.33792,1.50,1.50
2012.02.28 09:07:49.503,1.33768,1.33792,1.13,1.50
2012.02.28 09:07:49.704,1.33771,1.33796,2.25,2.10
2012.02.28 09:07:50.794,1.33771,1.33796,2.25,2.10
2012.02.28 09:07:51.367,1.3377,1.33792,2.25,1.50
2012.02.28 09:07:53.494,1.33769,1.33792,2.25,1.50
2012.02.28 09:07:53.705,1.33769,1.33791,2.25,2.10
2012.02.28 09:07:53.787,1.33764,1.33785,2.33,1.50
2012.02.28 09:07:54.217,1.33772,1.33793,1.50,1.50
2012.02.28 09:07:54.302,1.33773,1.33797,2.25,1.20
2012.02.28 09:07:54.725,1.33774,1.33798,2.25,2.25
2012.02.28 09:07:55.359,1.33772,1.33791,2.25,1.50
2012.02.28 09:07:55.925,1.33767,1.3379,2.25,1.50
2012.02.28 09:07:57.006,1.33763,1.33788,2.33,1.50
2012.02.28 09:07:57.269,1.33763,1.33788,2.25,1.50
2012.02.28 09:07:57.340,1.3376,1.33785,2.25,1.50
2012.02.28 09:07:57.735,1.33764,1.33787,2.25,1.50
2012.02.28 09:08:01.258,1.33766,1.33791,2.25,2.69
2012.02.28 09:08:03.002,1.33766,1.33791,2.25,1.50
2012.02.28 09:08:03.877,1.33769,1.33793,2.25,1.35
2012.02.28 09:08:04.619,1.33769,1.33794,2.25,1.65
2012.02.28 09:08:04.702,1.33774,1.33796,1.50,1.50
2012.02.28 09:08:05.105,1.33773,1.33796,2.25,1.50
2012.02.28 09:08:05.361,1.33774,1.338,2.25,3.29
2012.02.28 09:08:07.241,1.33773,1.33796,2.25,1.50
2012.02.28 09:08:07.608,1.33771,1.33793,2.25,1.50
2012.02.28 09:08:07.959,1.33764,1.33787,1.50,1.50
2012.02.28 09:08:08.251,1.33765,1.3379,2.25,1.50
2012.02.28 09:08:08.378,1.33765,1.3379,2.25,1.50
2012.02.28 09:08:09.234,1.33769,1.33794,2.25,1.50
2012.02.28 09:08:10.439,1.33766,1.33792,2.25,1.50
2012.02.28 09:08:10.765,1.33764,1.33786,1.50,1.50
2012.02.28 09:08:11.149,1.33766,1.33791,2.25,1.50
2012.02.28 09:08:11.283,1.3377,1.33793,2.25,1.50
2012.02.28 09:08:12.424,1.33766,1.33791,2.25,1.50
2012.02.28 09:08:12.627,1.33766,1.33791,2.25,1.50
2012.02.28 09:08:14.556,1.3377,1.33793,1.50,3.75
2012.02.28 09:08:15.903,1.3377,1.33793,2.25,1.50
2012.02.28 09:08:15.976,1.33772,1.33796,2.25,2.25
2012.02.28 09:08:16.527,1.33772,1.33797,2.25,1.65
2012.02.28 09:08:16.823,1.33772,1.33797,2.25,1.50
2012.02.28 09:08:17.012,1.33777,1.33801,2.25,2.69
2012.02.28 09:08:17.284,1.33774,1.33799,2.25,2.25
2012.02.28 09:08:17.810,1.33774,1.33799,2.25,1.50
2012.02.28 09:08:18.217,1.33772,1.33795,3.75,1.50
2012.02.28 09:08:18.786,1.33772,1.33796,1.50,1.50
2012.02.28 09:08:19.422,1.33773,1.33798,2.25,3.00
2012.02.28 09:08:20.047,1.33773,1.33798,2.25,1.50
2012.02.28 09:08:20.127,1.33772,1.33796,1.50,1.50
2012.02.28 09:08:20.649,1.33773,1.33799,2.25,1.50
2012.02.28 09:08:22.665,1.33773,1.33797,2.25,1.50
2012.02.28 09:08:23.091,1.33773,1.33793,2.25,1.50
2012.02.28 09:08:23.237,1.33771,1.33793,2.25,1.50
2012.02.28 09:08:23.313,1.33768,1.33791,2.25,1.50
2012.02.28 09:08:24.041,1.3377,1.33795,2.25,1.50
2012.02.28 09:08:25.193,1.3377,1.33795,2.25,1.50
2012.02.28 09:08:26.039,1.3377,1.33795,2.25,1.50
2012.02.28 09:08:26.311,1.33767,1.33792,2.25,1.50
2012.02.28 09:08:27.101,1.33767,1.33792,2.25,1.50
2012.02.28 09:08:27.458,1.33764,1.33789,3.00,1.50
2012.02.28 09:08:27.941,1.33767,1.33792,2.25,1.50
2012.02.28 09:08:28.825,1.33765,1.33789,1.50,1.50
2012.02.28 09:08:29.303,1.33764,1.33789,3.00,1.50
2012.02.28 09:08:29.572,1.33764,1.33786,1.50,1.50
2012.02.28 09:08:30.497,1.33762,1.33782,2.25,1.50
2012.02.28 09:08:30.578,1.33762,1.33782,1.50,1.50
2012.02.28 09:08:30.658,1.33762,1.33784,1.50,1.50
2012.02.28 09:08:31.100,1.3376,1.33784,3.00,1.50
2012.02.28 09:08:31.240,1.3376,1.33781,1.50,1.50
2012.02.28 09:08:31.369,1.3376,1.33784,1.50,3.00
2012.02.28 09:08:31.785,1.33759,1.33784,2.25,1.50
2012.02.28 09:08:34.920,1.33765,1.33786,4.50,2.25
2012.02.28 09:08:35.132,1.3377,1.33791,1.50,1.80
2012.02.28 09:08:35.211,1.33773,1.33796,1.50,1.79
2012.02.28 09:08:35.661,1.33773,1.33795,1.50,1.35
2012.02.28 09:08:35.731,1.33771,1.33794,2.25,1.50
2012.02.28 09:08:35.995,1.33773,1.33795,1.50,1.35
2012.02.28 09:08:36.143,1.3377,1.33794,2.25,1.50
2012.02.28 09:08:36.215,1.33767,1.33792,2.25,1.50
2012.02.28 09:08:36.432,1.33764,1.33787,3.00,1.50
2012.02.28 09:08:36.502,1.33764,1.33783,1.50,1.50
2012.02.28 09:08:36.809,1.33764,1.3378,1.50,1.50
2012.02.28 09:08:37.548,1.33764,1.33783,1.50,1.50
2012.02.28 09:08:37.619,1.33764,1.33785,1.50,1.50
2012.02.28 09:08:38.840,1.33765,1.33788,2.25,2.10
2012.02.28 09:08:38.912,1.33768,1.33789,1.50,1.35
2012.02.28 09:08:38.981,1.33768,1.3379,1.50,1.19
2012.02.28 09:08:39.492,1.33768,1.33791,2.25,2.10
2012.02.28 09:08:40.196,1.33769,1.33791,1.50,1.50
2012.02.28 09:08:40.274,1.33771,1.33794,2.25,3.29
2012.02.28 09:08:40.561,1.33771,1.33794,2.25,2.10
2012.02.28 09:08:41.110,1.33772,1.33796,1.50,2.10
2012.02.28 09:08:42.174,1.33776,1.33796,1.50,1.50
2012.02.28 09:08:42.454,1.33776,1.33798,1.50,1.50
2012.02.28 09:08:43.242,1.33776,1.33798,1.50,1.50
2012.02.28 09:08:44.155,1.33777,1.33802,2.25,2.10
2012.02.28 09:08:44.574,1.3378,1.33804,2.25,1.35
2012.02.28 09:08:44.779,1.3378,1.33805,2.25,3.23
2012.02.28 09:08:45.372,1.33778,1.33802,2.25,1.50
2012.02.28 09:08:45.768,1.33776,1.338,1.88,1.50
2012.02.28 09:08:46.110,1.33772,1.33797,2.25,2.10
2012.02.28 09:08:46.735,1.33771,1.33793,1.50,1.50
2012.02.28 09:08:46.809,1.33771,1.33793,1.50,1.50
2012.02.28 09:08:48.660,1.33771,1.33793,1.50,1.50
2012.02.28 09:08:48.736,1.33772,1.33796,2.25,2.10
2012.02.28 09:08:48.816,1.33772,1.33796,2.25,1.50
2012.02.28 09:08:49.037,1.33778,1.33798,1.50,1.50
2012.02.28 09:08:49.565,1.33778,1.33799,1.50,1.50
2012.02.28 09:08:51.723,1.33776,1.33796,2.63,2.25
2012.02.28 09:08:51.806,1.33776,1.33793,1.50,1.35
2012.02.28 09:08:52.095,1.33768,1.33791,2.25,2.25
2012.02.28 09:08:52.238,1.33768,1.33791,2.25,1.50
2012.02.28 09:08:52.498,1.3377,1.33793,2.25,1.35
2012.02.28 09:08:53.884,1.3377,1.33795,2.25,1.94
2012.02.28 09:08:53.968,1.33768,1.33791,2.25,1.50
2012.02.28 09:08:54.637,1.33772,1.33791,1.50,1.50
2012.02.28 09:08:54.973,1.33773,1.33796,1.50,1.50
2012.02.28 09:08:55.407,1.33773,1.33792,1.50,1.50
2012.02.28 09:08:55.945,1.33771,1.33789,1.13,1.50
2012.02.28 09:08:57.531,1.33768,1.33789,1.50,1.50
2012.02.28 09:08:58.791,1.3377,1.33793,2.25,2.25
2012.02.28 09:08:59.203,1.33772,1.33797,2.25,2.25
2012.02.28 09:08:59.972,1.33771,1.33792,2.25,1.50
2012.02.28 09:09:00.241,1.33771,1.33795,2.25,1.50
2012.02.28 09:09:00.749,1.33771,1.33796,2.25,2.25
2012.02.28 09:09:01.370,1.33769,1.33792,2.25,1.50
2012.02.28 09:09:01.441,1.33769,1.33792,2.25,1.50
2012.02.28 09:09:01.580,1.33768,1.3379,1.50,1.50
2012.02.28 09:09:01.650,1.33768,1.3379,1.50,1.50
2012.02.28 09:09:02.270,1.33769,1.33792,1.50,3.75
2012.02.28 09:09:03.282,1.33769,1.33792,2.25,1.50
2012.02.28 09:09:03.350,1.33771,1.33796,2.25,2.85
2012.02.28 09:09:03.854,1.33771,1.33794,2.25,1.35
2012.02.28 09:09:04.071,1.3377,1.33794,2.25,1.35
2012.02.28 09:09:05.440,1.33769,1.33792,2.25,1.50
2012.02.28 09:09:05.511,1.3377,1.33796,2.25,1.50
2012.02.28 09:09:05.910,1.33773,1.33798,2.25,2.69
2012.02.28 09:09:06.308,1.3377,1.33795,2.25,1.50
2012.02.28 09:09:06.579,1.33773,1.33797,2.25,1.50
2012.02.28 09:09:07.021,1.3378,1.33803,2.25,2.25
2012.02.28 09:09:07.537,1.33777,1.338,2.25,1.50
2012.02.28 09:09:09.770,1.33778,1.33803,2.25,1.19
2012.02.28 09:09:09.972,1.33783,1.33804,1.50,1.19
2012.02.28 09:09:10.042,1.33776,1.33801,3.00,1.50
2012.02.28 09:09:10.575,1.33787,1.33806,1.50,1.50
2012.02.28 09:09:10.859,1.33782,1.33807,2.25,2.25
2012.02.28 09:09:11.244,1.33782,1.33807,1.50,2.25
2012.02.28 09:09:11.752,1.33779,1.33804,1.50,2.25
2012.02.28 09:09:11.880,1.33779,1.33801,1.50,2.25
2012.02.28 09:09:12.492,1.33775,1.338,3.00,2.25
2012.02.28 09:09:13.007,1.33778,1.33802,1.50,2.25
2012.02.28 09:09:13.083,1.33778,1.33802,2.25,2.25
2012.02.28 09:09:14.089,1.3378,1.33804,1.50,1.19
2012.02.28 09:09:14.601,1.33776,1.33802,2.25,2.25
2012.02.28 09:09:14.895,1.33776,1.33802,2.25,1.50
2012.02.28 09:09:15.248,1.33779,1.33805,1.50,2.69
2012.02.28 09:09:15.791,1.33776,1.338,2.25,2.25
2012.02.28 09:09:16.207,1.33777,1.338,2.25,1.50
2012.02.28 09:09:16.290,1.33778,1.33803,2.25,2.25
2012.02.28 09:09:17.481,1.33778,1.33804,2.25,2.85
2012.02.28 09:09:18.275,1.33781,1.33804,1.50,1.79
2012.02.28 09:09:18.798,1.33779,1.33804,1.50,2.25
2012.02.28 09:09:19.183,1.33783,1.33807,1.50,2.25
2012.02.28 09:09:19.321,1.33783,1.33807,1.50,2.25
2012.02.28 09:09:20.516,1.3378,1.33802,2.25,1.50
2012.02.28 09:09:20.873,1.3378,1.33802,1.50,1.50
2012.02.28 09:09:21.220,1.33775,1.33793,1.50,1.50
2012.02.28 09:09:21.574,1.33777,1.33795,1.50,1.50
2012.02.28 09:09:22.010,1.33774,1.33797,3.00,1.50
2012.02.28 09:09:22.097,1.33775,1.33801,2.25,2.69
2012.02.28 09:09:22.555,1.33775,1.33801,2.25,1.50
2012.02.28 09:09:22.880,1.33779,1.33801,1.50,1.19
2012.02.28 09:09:23.127,1.33776,1.338,2.25,2.25
2012.02.28 09:09:24.053,1.33774,1.33798,1.50,1.50
2012.02.28 09:09:24.682,1.33775,1.33801,2.25,2.25
2012.02.28 09:09:25.213,1.33778,1.33803,1.50,2.25
2012.02.28 09:09:25.739,1.33776,1.33799,2.25,2.25
2012.02.28 09:09:26.322,1.33781,1.33803,1.50,1.50
2012.02.28 09:09:26.389,1.33778,1.33802,1.50,2.25
2012.02.28 09:09:29.454,1.33778,1.33802,2.25,2.25
2012.02.28 09:09:29.718,1.33781,1.33805,1.50,3.00
2012.02.28 09:09:32.077,1.33784,1.33806,1.50,1.35
2012.02.28 09:09:32.298,1.33781,1.33806,1.50,2.85
2012.02.28 09:09:32.734,1.33782,1.33806,1.50,2.10
2012.02.28 09:09:32.811,1.3379,1.33813,1.50,2.55
2012.02.28 09:09:32.883,1.3379,1.33813,2.25,2.25
2012.02.28 09:09:33.070,1.33793,1.33815,1.50,1.94
2012.02.28 09:09:33.594,1.33793,1.33817,1.50,1.50
2012.02.28 09:09:35.250,1.33796,1.33818,1.50,1.35
2012.02.28 09:09:35.723,1.33796,1.33819,1.50,1.88
2012.02.28 09:09:35.848,1.33794,1.33818,1.50,2.25
2012.02.28 09:09:36.419,1.33793,1.33818,2.25,2.63
2012.02.28 09:09:36.922,1.33793,1.33818,2.25,2.63
2012.02.28 09:09:37.279,1.33799,1.33818,1.50,1.50
2012.02.28 09:09:37.632,1.33797,1.33817,1.88,1.50
2012.02.28 09:09:37.715,1.33792,1.33813,1.13,3.00
2012.02.28 09:09:37.862,1.33788,1.3381,3.00,1.50
2012.02.28 09:09:37.995,1.33792,1.33813,2.25,2.25
2012.02.28 09:09:38.070,1.33794,1.33815,1.50,1.13
2012.02.28 09:09:38.354,1.33791,1.33817,2.25,2.69
2012.02.28 09:09:38.882,1.33791,1.33814,1.88,2.25
2012.02.28 09:09:39.538,1.33794,1.33817,1.50,1.19
2012.02.28 09:09:39.871,1.33791,1.33814,3.00,2.25
2012.02.28 09:09:40.499,1.33793,1.33817,1.50,2.25
2012.02.28 09:09:41.832,1.33797,1.3382,1.50,2.25
2012.02.28 09:09:42.697,1.33797,1.3382,1.50,2.25
2012.02.28 09:09:43.020,1.33793,1.33818,3.00,2.25
2012.02.28 09:09:43.269,1.33796,1.33821,1.50,2.25
2012.02.28 09:09:43.611,1.33801,1.33824,2.25,1.50
2012.02.28 09:09:44.028,1.33798,1.33822,2.25,1.50
2012.02.28 09:09:44.492,1.33802,1.33822,1.50,1.50
2012.02.28 09:09:44.680,1.33803,1.33828,2.25,2.25
2012.02.28 09:09:46.189,1.33802,1.33824,2.25,1.50
2012.02.28 09:09:46.332,1.33801,1.33824,2.25,1.50
2012.02.28 09:09:46.906,1.33802,1.33828,1.50,2.25
2012.02.28 09:09:47.150,1.33806,1.33829,1.50,2.85
2012.02.28 09:09:48.641,1.33803,1.33827,1.50,2.25
2012.02.28 09:09:49.394,1.33806,1.33829,1.50,1.35
2012.02.28 09:09:50.188,1.33806,1.33829,1.50,1.35
2012.02.28 09:09:50.427,1.33806,1.33829,1.50,1.35
2012.02.28 09:09:51.313,1.33806,1.33829,1.50,1.35
2012.02.28 09:09:51.879,1.33803,1.33827,1.50,2.25
2012.02.28 09:09:53.754,1.33806,1.33829,1.50,1.19
2012.02.28 09:09:54.199,1.33806,1.33832,2.25,2.25
2012.02.28 09:09:54.973,1.33805,1.33828,4.50,1.50
2012.02.28 09:09:55.829,1.33805,1.33828,2.25,2.25
2012.02.28 09:09:56.512,1.33804,1.33825,1.50,1.50
2012.02.28 09:09:56.659,1.33799,1.3382,1.50,1.50
2012.02.28 09:09:57.192,1.33799,1.33821,1.50,1.50
2012.02.28 09:09:58.464,1.33797,1.33818,1.13,1.50
2012.02.28 09:09:58.541,1.33794,1.33818,1.50,2.25
2012.02.28 09:09:58.611,1.33792,1.33818,2.25,2.25
2012.02.28 09:09:58.982,1.33796,1.33821,1.50,2.25
2012.02.28 09:09:59.174,1.33796,1.33821,2.25,2.25
2012.02.28 09:09:59.251,1.33792,1.33816,1.13,1.50
2012.02.28 09:09:59.872,1.3379,1.33816,2.25,2.25
2012.02.28 09:10:00.561,1.33788,1.33813,2.25,2.25
2012.02.28 09:10:01.361,1.33786,1.3381,2.25,1.50
2012.02.28 09:10:01.670,1.33789,1.33812,2.25,1.50
2012.02.28 09:10:03.311,1.33794,1.33818,1.50,2.25
2012.02.28 09:10:03.783,1.33791,1.33814,2.25,1.50
2012.02.28 09:10:04.117,1.33787,1.33812,2.25,1.50
2012.02.28 09:10:05.389,1.33791,1.33814,2.25,1.50
2012.02.28 09:10:07.843,1.33792,1.33817,2.25,2.25
2012.02.28 09:10:08.172,1.33795,1.33818,1.50,1.19
2012.02.28 09:10:08.514,1.33795,1.33821,2.25,1.94
2012.02.28 09:10:09.088,1.33795,1.33821,2.25,1.50
2012.02.28 09:10:13.359,1.33795,1.33819,2.25,1.50
2012.02.28 09:10:13.678,1.33794,1.33817,2.25,1.50
2012.02.28 09:10:13.820,1.33796,1.33821,2.25,1.50
2012.02.28 09:10:14.011,1.33798,1.33824,2.25,2.25
2012.02.28 09:10:14.345,1.33797,1.3382,2.25,1.50
2012.02.28 09:10:14.702,1.33796,1.33817,2.25,1.94
2012.02.28 09:10:14.780,1.33796,1.33817,1.50,2.69
2012.02.28 09:10:14.922,1.33796,1.33813,1.50,1.50
2012.02.28 09:10:15.051,1.33787,1.33812,2.25,1.50
2012.02.28 09:10:15.312,1.33791,1.33814,2.25,1.50
2012.02.28 09:10:15.700,1.33787,1.33812,3.00,1.50
2012.02.28 09:10:17.998,1.3379,1.33814,2.25,1.50
2012.02.28 09:10:20.204,1.3379,1.33813,2.25,1.50
2012.02.28 09:10:20.750,1.33787,1.33812,2.25,1.50
2012.02.28 09:10:23.984,1.33785,1.33808,2.25,1.50
2012.02.28 09:10:24.487,1.33785,1.33808,2.25,1.50
2012.02.28 09:10:24.560,1.33786,1.33812,2.25,2.25
2012.02.28 09:10:25.069,1.33785,1.33808,2.25,1.50
2012.02.28 09:10:25.581,1.33785,1.33808,2.25,1.50
2012.02.28 09:10:27.068,1.33785,1.33808,1.50,2.25
2012.02.28 09:10:27.145,1.33783,1.33806,2.25,1.50
2012.02.28 09:10:27.632,1.33784,1.3381,2.25,3.00
2012.02.28 09:10:28.182,1.33787,1.3381,1.50,1.50
2012.02.28 09:10:29.179,1.33787,1.33813,2.25,2.25
2012.02.28 09:10:29.454,1.33787,1.33813,2.25,2.40
2012.02.28 09:10:29.929,1.33787,1.33813,2.25,2.85
2012.02.28 09:10:30.313,1.33787,1.33809,2.25,1.50
2012.02.28 09:10:30.689,1.33782,1.33807,3.00,1.50
2012.02.28 09:10:31.122,1.33785,1.3381,2.25,1.50
2012.02.28 09:10:31.192,1.33789,1.33812,1.50,2.25
2012.02.28 09:10:31.259,1.33789,1.33812,2.25,1.50
2012.02.28 09:10:31.625,1.33792,1.33814,1.50,1.50
2012.02.28 09:10:31.701,1.33787,1.33812,2.25,1.50
2012.02.28 09:10:32.462,1.3379,1.33815,2.25,2.25
2012.02.28 09:10:33.148,1.3379,1.33814,2.25,1.50
2012.02.28 09:10:33.339,1.33788,1.33811,2.25,1.50
2012.02.28 09:10:34.194,1.33785,1.33808,3.75,1.50
2012.02.28 09:10:35.111,1.33787,1.33813,2.25,1.50
2012.02.28 09:10:35.861,1.33788,1.33813,1.50,1.50
2012.02.28 09:10:36.076,1.33791,1.33815,2.25,2.25
2012.02.28 09:10:36.322,1.33788,1.33812,2.25,1.50
2012.02.28 09:10:36.448,1.33792,1.33816,1.50,2.25
2012.02.28 09:10:37.590,1.33789,1.33814,2.25,1.50
2012.02.28 09:10:39.170,1.33788,1.33811,2.25,1.50
2012.02.28 09:10:39.440,1.33787,1.3381,2.25,1.50
2012.02.28 09:10:39.831,1.33784,1.33807,2.25,1.50
2012.02.28 09:10:39.899,1.33786,1.33812,2.25,2.25
2012.02.28 09:10:40.260,1.33784,1.33808,3.75,1.50
2012.02.28 09:10:40.460,1.33784,1.33808,2.25,1.50
2012.02.28 09:10:40.873,1.33788,1.33808,1.50,1.50
2012.02.28 09:10:40.955,1.33789,1.33815,2.25,1.50
2012.02.28 09:10:41.246,1.33796,1.33819,1.50,2.25
2012.02.28 09:10:41.607,1.33798,1.33824,2.25,2.69
2012.02.28 09:10:41.684,1.33798,1.33824,2.25,1.50
2012.02.28 09:10:42.178,1.33799,1.33822,2.25,1.50
2012.02.28 09:10:43.113,1.33799,1.33823,2.25,2.25
2012.02.28 09:10:43.973,1.33796,1.3382,2.25,1.50
2012.02.28 09:10:44.186,1.33796,1.33817,2.25,1.50
2012.02.28 09:10:44.408,1.33791,1.33814,2.25,1.50
2012.02.28 09:10:44.940,1.3379,1.33815,2.25,1.50
2012.02.28 09:10:45.326,1.33785,1.33811,2.63,1.50
2012.02.28 09:10:46.368,1.33788,1.33813,2.25,1.50
2012.02.28 09:10:47.784,1.33791,1.33815,2.25,1.50
2012.02.28 09:10:47.979,1.33788,1.33812,2.25,1.50
2012.02.28 09:10:48.525,1.33791,1.33814,2.25,3.00
2012.02.28 09:10:48.604,1.33789,1.3381,2.25,1.50
2012.02.28 09:10:49.000,1.3379,1.33813,2.25,3.00
2012.02.28 09:10:49.070,1.33787,1.33811,2.25,1.50
2012.02.28 09:10:49.405,1.33794,1.33814,2.25,1.50
2012.02.28 09:10:49.486,1.33793,1.33812,2.25,1.50
2012.02.28 09:10:49.810,1.33791,1.33814,2.25,3.00
2012.02.28 09:10:50.191,1.33789,1.33812,2.25,1.50
2012.02.28 09:10:50.643,1.33791,1.33814,2.25,1.50
2012.02.28 09:10:52.450,1.33791,1.33814,2.25,1.50
2012.02.28 09:10:52.773,1.33789,1.33813,1.13,1.50
2012.02.28 09:10:52.845,1.33795,1.33817,1.50,1.50
2012.02.28 09:10:52.927,1.33795,1.33819,2.25,2.25
2012.02.28 09:10:53.560,1.33798,1.33821,2.25,2.25
2012.02.28 09:10:54.409,1.33798,1.33821,2.25,1.50
2012.02.28 09:10:55.893,1.33798,1.33821,2.25,1.50
2012.02.28 09:10:57.224,1.33798,1.33821,1.50,2.25
2012.02.28 09:10:57.294,1.33794,1.33819,2.25,1.50
2012.02.28 09:10:57.897,1.33796,1.33821,2.25,1.50
2012.02.28 09:10:58.280,1.33795,1.33818,2.25,1.50
2012.02.28 09:11:01.418,1.33797,1.33821,2.25,1.50
2012.02.28 09:11:01.490,1.33797,1.33822,2.25,3.00
2012.02.28 09:11:03.910,1.33797,1.33821,2.25,1.50
2012.02.28 09:11:04.558,1.33797,1.33823,2.25,3.00
2012.02.28 09:11:05.627,1.33797,1.33818,2.25,1.50
2012.02.28 09:11:06.179,1.33794,1.33817,2.25,1.50
2012.02.28 09:11:06.250,1.33796,1.33821,2.25,1.50
2012.02.28 09:11:09.307,1.33802,1.33823,1.50,3.00
2012.02.28 09:11:09.864,1.33799,1.33824,2.25,2.25
2012.02.28 09:11:10.391,1.33794,1.33819,2.25,1.50
2012.02.28 09:11:10.518,1.33797,1.33822,2.25,2.25
2012.02.28 09:11:12.737,1.33797,1.33819,2.25,1.50
2012.02.28 09:11:13.421,1.33793,1.33818,2.25,1.50
2012.02.28 09:11:26.729,1.33796,1.33821,2.25,1.50
2012.02.28 09:11:30.341,1.338,1.33823,2.25,3.00
2012.02.28 09:11:30.827,1.33798,1.33819,2.25,1.50
2012.02.28 09:11:31.186,1.338,1.33823,2.25,3.00
2012.02.28 09:11:33.559,1.338,1.33823,2.25,2.25
2012.02.28 09:11:34.592,1.33801,1.33824,2.25,2.10
2012.02.28 09:11:34.893,1.33799,1.33822,2.25,1.50
2012.02.28 09:11:36.298,1.33794,1.33818,2.25,1.50
2012.02.28 09:11:37.529,1.33796,1.3382,2.25,1.50
2012.02.28 09:11:37.738,1.33802,1.33823,1.50,2.25
2012.02.28 09:11:38.221,1.33806,1.33827,1.50,1.50
2012.02.28 09:11:38.303,1.33802,1.33825,2.25,2.25
2012.02.28 09:11:38.511,1.33802,1.33825,2.25,1.50
2012.02.28 09:11:38.869,1.33801,1.33823,2.25,1.50
2012.02.28 09:11:39.620,1.33802,1.33826,2.25,1.50
2012.02.28 09:11:40.306,1.33802,1.33826,3.00,2.25
2012.02.28 09:11:43.939,1.33801,1.33823,2.25,1.50
2012.02.28 09:11:44.588,1.33801,1.33827,3.75,2.40
2012.02.28 09:11:45.760,1.33801,1.33825,3.00,1.35
2012.02.28 09:11:46.467,1.33801,1.33827,3.00,2.25
2012.02.28 09:11:47.121,1.33801,1.33824,1.50,1.50
2012.02.28 09:11:47.682,1.338,1.3382,1.50,1.50
2012.02.28 09:11:48.019,1.33797,1.33821,2.25,2.40
2012.02.28 09:11:48.561,1.33798,1.33821,2.25,2.10
2012.02.28 09:11:48.934,1.33798,1.33822,2.25,1.50
2012.02.28 09:11:49.349,1.338,1.33822,1.50,1.50
2012.02.28 09:11:49.819,1.33804,1.33826,1.50,2.25
2012.02.28 09:11:50.381,1.33801,1.33826,1.50,3.00
2012.02.28 09:11:50.641,1.33799,1.33823,1.50,2.25
2012.02.28 09:11:51.686,1.33803,1.33827,1.50,1.19
2012.02.28 09:11:52.274,1.33803,1.33828,1.50,2.25
2012.02.28 09:11:53.646,1.33801,1.33823,3.00,1.50
2012.02.28 09:11:53.980,1.338,1.33823,2.25,2.25
2012.02.28 09:11:54.824,1.338,1.33823,2.25,1.65
2012.02.28 09:11:55.323,1.338,1.33823,2.25,1.65
2012.02.28 09:11:56.949,1.338,1.33823,2.25,1.65
2012.02.28 09:11:58.169,1.338,1.33823,2.25,1.50
2012.02.28 09:12:02.270,1.33798,1.33822,2.25,1.50
2012.02.28 09:12:03.197,1.33796,1.33822,2.25,1.50
2012.02.28 09:12:03.672,1.338,1.33823,1.50,1.50
2012.02.28 09:12:03.816,1.33805,1.33828,1.50,1.50
2012.02.28 09:12:04.338,1.33802,1.33827,2.25,1.50
2012.02.28 09:12:04.469,1.33802,1.33827,2.25,1.50
2012.02.28 09:12:05.867,1.33801,1.33823,2.25,1.50
2012.02.28 09:12:06.017,1.338,1.33823,3.00,1.50
2012.02.28 09:12:06.101,1.338,1.33821,2.25,1.50
2012.02.28 09:12:06.316,1.338,1.33823,2.25,1.50
2012.02.28 09:12:06.400,1.338,1.33823,2.25,1.50
2012.02.28 09:12:06.823,1.33805,1.33827,1.50,1.04
2012.02.28 09:12:06.960,1.33805,1.33828,1.50,1.35
2012.02.28 09:12:07.302,1.33804,1.33829,2.25,1.35
2012.02.28 09:12:07.808,1.33804,1.33829,2.25,1.35
2012.02.28 09:12:09.851,1.33808,1.33829,1.50,1.35
2012.02.28 09:12:12.093,1.33808,1.33832,2.25,3.44
2012.02.28 09:12:12.217,1.33808,1.33832,2.25,2.69
2012.02.28 09:12:12.774,1.33808,1.33832,2.25,1.94
2012.02.28 09:12:14.048,1.3381,1.33834,2.25,2.85
2012.02.28 09:12:14.128,1.33806,1.3383,2.25,1.50
2012.02.28 09:12:14.198,1.33808,1.33833,2.25,3.00
2012.02.28 09:12:14.701,1.33812,1.33834,1.50,2.85
2012.02.28 09:12:15.219,1.3381,1.33833,2.25,1.50
2012.02.28 09:12:16.321,1.33806,1.33829,3.75,1.50
2012.02.28 09:12:16.649,1.33809,1.33831,2.25,1.50
2012.02.28 09:12:16.848,1.33809,1.33832,2.25,1.50
2012.02.28 09:12:18.082,1.33807,1.3383,2.25,1.50
2012.02.28 09:12:18.223,1.33806,1.3383,2.25,1.50
2012.02.28 09:12:18.566,1.33804,1.33823,2.25,1.50
2012.02.28 09:12:18.782,1.33798,1.33823,2.25,1.50
2012.02.28 09:12:19.245,1.33798,1.33823,2.25,2.25
2012.02.28 09:12:19.741,1.33798,1.33821,2.25,1.50
2012.02.28 09:12:20.371,1.33795,1.3382,2.25,1.50
2012.02.28 09:12:20.589,1.33798,1.33824,2.25,2.25
2012.02.28 09:12:20.808,1.33797,1.3382,2.25,1.50
2012.02.28 09:12:21.279,1.33797,1.3382,2.25,1.50
2012.02.28 09:12:21.837,1.33794,1.33818,2.25,1.50
2012.02.28 09:12:21.916,1.33793,1.33818,3.00,2.25
2012.02.28 09:12:22.210,1.33791,1.33815,2.25,1.50
2012.02.28 09:12:22.285,1.33791,1.33815,2.25,1.50
2012.02.28 09:12:23.003,1.33791,1.33815,2.25,3.75
2012.02.28 09:12:23.578,1.33788,1.33812,2.25,1.50
2012.02.28 09:12:25.004,1.33791,1.33815,2.25,2.25
2012.02.28 09:12:25.147,1.33796,1.33817,1.50,1.19
2012.02.28 09:12:25.678,1.33793,1.33815,2.25,1.35
2012.02.28 09:12:25.908,1.33791,1.33816,2.25,2.25
2012.02.28 09:12:26.265,1.33794,1.33818,2.25,2.69
2012.02.28 09:12:26.411,1.33793,1.33816,2.25,1.50
2012.02.28 09:12:26.770,1.33793,1.33816,2.25,1.50
2012.02.28 09:12:27.241,1.33798,1.33822,2.25,2.69
2012.02.28 09:12:27.383,1.33796,1.33819,3.75,1.50
2012.02.28 09:12:27.587,1.33799,1.33822,1.50,3.75
2012.02.28 09:12:27.793,1.33799,1.33822,3.75,1.50
2012.02.28 09:12:27.865,1.33802,1.33825,2.25,2.25
2012.02.28 09:12:29.436,1.33802,1.33824,2.25,1.73
2012.02.28 09:12:29.519,1.33799,1.33816,2.25,1.50
2012.02.28 09:12:29.732,1.33789,1.33814,2.25,1.50
2012.02.28 09:12:31.541,1.33793,1.33816,2.25,2.25
2012.02.28 09:12:32.084,1.33793,1.33815,2.25,1.50
2012.02.28 09:12:32.225,1.33793,1.33814,1.50,1.50
2012.02.28 09:12:32.574,1.33793,1.33811,1.50,1.19
2012.02.28 09:12:32.656,1.33791,1.33811,1.50,1.19
2012.02.28 09:12:32.734,1.33791,1.33814,1.50,2.25
2012.02.28 09:12:32.862,1.33794,1.33816,1.50,1.19
2012.02.28 09:12:33.059,1.33791,1.33816,2.25,1.94
2012.02.28 09:12:33.615,1.33791,1.33816,2.25,2.25
2012.02.28 09:12:33.941,1.33795,1.33816,1.50,1.35
2012.02.28 09:12:34.469,1.33791,1.33815,2.25,2.10
2012.02.28 09:12:36.742,1.33797,1.33814,1.50,1.50
2012.02.28 09:12:36.821,1.33797,1.3382,1.50,2.25
2012.02.28 09:12:36.891,1.33797,1.3382,1.50,2.25
2012.02.28 09:12:37.164,1.33797,1.3382,2.25,1.50
2012.02.28 09:12:37.301,1.33795,1.33817,2.25,1.50
2012.02.28 09:12:37.501,1.33797,1.33821,2.25,2.69
2012.02.28 09:12:38.369,1.33797,1.33821,2.25,1.50
2012.02.28 09:12:38.975,1.33794,1.33819,1.50,1.50
2012.02.28 09:12:39.510,1.33797,1.33821,2.25,2.25
2012.02.28 09:12:40.100,1.33797,1.33821,1.50,2.25
2012.02.28 09:12:40.240,1.33794,1.33819,3.00,2.25
2012.02.28 09:12:40.373,1.33798,1.33821,2.25,2.25
2012.02.28 09:12:40.899,1.33795,1.33818,2.25,1.50
2012.02.28 09:12:41.159,1.33798,1.33821,2.25,2.69
2012.02.28 09:12:41.292,1.33795,1.33818,2.25,1.50
2012.02.28 09:12:41.570,1.33795,1.33818,2.25,1.50
2012.02.28 09:12:49.479,1.33795,1.33818,2.25,1.50
2012.02.28 09:12:50.409,1.33798,1.33821,2.25,2.85
2012.02.28 09:12:51.541,1.33794,1.33817,1.50,2.25
2012.02.28 09:12:51.737,1.33794,1.33817,1.50,1.50
2012.02.28 09:12:54.211,1.33795,1.33819,2.25,2.10
2012.02.28 09:12:54.714,1.33797,1.3382,1.50,1.35
2012.02.28 09:12:55.259,1.33797,1.33822,2.25,2.85
2012.02.28 09:12:56.020,1.338,1.33822,1.50,1.35
2012.02.28 09:12:56.398,1.33798,1.33822,2.25,2.10
2012.02.28 09:12:56.607,1.33796,1.33819,2.25,2.10
2012.02.28 09:12:57.024,1.33797,1.33823,2.25,2.69
2012.02.28 09:12:57.091,1.33797,1.33823,2.25,2.69
2012.02.28 09:12:57.658,1.33797,1.33823,2.25,2.69
2012.02.28 09:12:58.240,1.33797,1.33823,2.25,2.69
2012.02.28 09:12:58.943,1.33797,1.33823,2.25,2.69
2012.02.28 09:12:59.248,1.33795,1.3382,2.25,1.50
2012.02.28 09:13:06.902,1.33794,1.33817,2.25,1.50
2012.02.28 09:13:06.974,1.33795,1.3382,2.25,1.50
2012.02.28 09:13:07.453,1.33793,1.33816,2.25,1.50
2012.02.28 09:13:08.088,1.33796,1.33819,2.25,1.50
2012.02.28 09:13:10.359,1.33793,1.33817,2.25,1.50
2012.02.28 09:13:11.601,1.33795,1.33821,2.25,2.25
2012.02.28 09:13:12.569,1.33799,1.33822,2.25,1.50
2012.02.28 09:13:13.972,1.33799,1.33822,1.50,2.25
2012.02.28 09:13:14.789,1.33795,1.3382,2.25,1.50
2012.02.28 09:13:14.933,1.33798,1.33822,2.25,1.50
2012.02.28 09:13:15.070,1.33798,1.33822,1.50,2.63
2012.02.28 09:13:15.872,1.33794,1.3382,2.25,2.69
2012.02.28 09:13:19.589,1.33794,1.3382,2.25,2.25
2012.02.28 09:13:27.248,1.33795,1.3382,1.50,3.29
2012.02.28 09:13:29.138,1.33792,1.33817,2.25,3.00
2012.02.28 09:13:31.500,1.33795,1.33819,1.50,2.25
2012.02.28 09:13:31.937,1.33785,1.33809,2.25,1.50
2012.02.28 09:13:32.292,1.33784,1.33807,2.25,1.50
2012.02.28 09:13:32.506,1.3378,1.33806,2.25,2.25
2012.02.28 09:13:33.305,1.33777,1.33803,2.25,2.25
2012.02.28 09:13:33.529,1.33776,1.33801,2.25,2.25
2012.02.28 09:13:34.080,1.33776,1.338,2.25,2.25
2012.02.28 09:13:34.150,1.33776,1.33796,2.25,1.50
2012.02.28 09:13:34.292,1.33776,1.33798,2.25,1.50
2012.02.28 09:13:34.931,1.33772,1.33797,2.25,2.25
2012.02.28 09:13:35.902,1.3377,1.33794,2.25,1.50
2012.02.28 09:13:36.034,1.33772,1.33797,2.25,2.25
2012.02.28 09:13:36.840,1.33772,1.33797,2.25,1.50
2012.02.28 09:13:37.795,1.33775,1.338,2.25,3.00
2012.02.28 09:13:38.458,1.33775,1.338,2.25,2.25
2012.02.28 09:13:38.540,1.33775,1.338,2.25,1.50
2012.02.28 09:13:38.856,1.33782,1.33806,2.25,1.94
2012.02.28 09:13:39.408,1.33782,1.33806,2.25,4.19
2012.02.28 09:13:40.221,1.33782,1.33806,2.25,1.19
2012.02.28 09:13:40.579,1.33789,1.33811,2.25,1.50
2012.02.28 09:13:42.241,1.33782,1.33808,3.00,2.25
2012.02.28 09:13:43.611,1.33788,1.3381,1.50,1.50
2012.02.28 09:13:44.118,1.33791,1.3381,1.50,1.50
2012.02.28 09:13:44.193,1.33791,1.33812,1.50,1.94
2012.02.28 09:13:44.267,1.33793,1.33812,1.50,1.94
2012.02.28 09:13:44.894,1.33788,1.33811,2.25,3.60
2012.02.28 09:13:45.669,1.33788,1.33811,2.25,4.35
2012.02.28 09:13:45.808,1.3378,1.33806,2.25,1.50
2012.02.28 09:13:46.131,1.33783,1.33808,2.25,2.25
2012.02.28 09:13:46.691,1.33787,1.3381,2.25,3.00
2012.02.28 09:13:48.883,1.33787,1.33809,1.50,1.50
2012.02.28 09:13:49.082,1.33783,1.33809,2.25,3.00
2012.02.28 09:13:50.781,1.33778,1.33803,1.50,1.50
2012.02.28 09:13:51.120,1.33782,1.33808,2.25,1.50
2012.02.28 09:13:51.640,1.33786,1.3381,1.50,2.25
2012.02.28 09:13:51.980,1.33786,1.3381,2.25,1.50
2012.02.28 09:13:53.750,1.33782,1.33808,2.25,1.50
2012.02.28 09:13:53.820,1.33782,1.33808,2.25,1.50
2012.02.28 09:13:54.473,1.33787,1.3381,1.50,2.25
2012.02.28 09:13:54.990,1.33786,1.3381,2.25,2.85
2012.02.28 09:13:55.560,1.33784,1.33807,2.25,1.50
2012.02.28 09:13:55.635,1.33787,1.33811,2.25,1.19
2012.02.28 09:13:56.040,1.33787,1.33807,2.25,1.50
2012.02.28 09:13:56.169,1.33787,1.33812,2.25,4.19
2012.02.28 09:13:56.683,1.33785,1.3381,2.25,1.50
2012.02.28 09:13:57.534,1.3379,1.33812,2.25,1.19
2012.02.28 09:13:58.045,1.33787,1.3381,2.25,1.50
2012.02.28 09:14:03.269,1.33789,1.33814,2.25,1.19
2012.02.28 09:14:03.830,1.33788,1.33811,2.25,1.50
2012.02.28 09:14:05.097,1.33788,1.33811,2.25,1.50
2012.02.28 09:14:06.520,1.33788,1.33811,2.25,1.50
2012.02.28 09:14:07.962,1.33785,1.33808,2.25,1.50
2012.02.28 09:14:08.035,1.33785,1.33808,2.25,1.50
2012.02.28 09:14:08.305,1.33781,1.33806,2.25,1.50
2012.02.28 09:14:08.523,1.33778,1.33804,2.25,1.50
2012.02.28 09:14:09.593,1.33778,1.33803,2.25,1.50
2012.02.28 09:14:09.935,1.33775,1.33796,1.50,1.50
2012.02.28 09:14:10.019,1.33781,1.33802,2.25,1.50
2012.02.28 09:14:10.162,1.33781,1.33804,2.25,2.25
2012.02.28 09:14:10.234,1.33781,1.33804,3.75,1.50
2012.02.28 09:14:10.768,1.33783,1.33808,2.25,2.25
2012.02.28 09:14:11.298,1.33783,1.33808,2.25,1.50
2012.02.28 09:14:11.564,1.33783,1.33808,2.25,2.25
2012.02.28 09:14:11.706,1.33783,1.33802,1.50,1.50
2012.02.28 09:14:11.789,1.33776,1.33799,2.25,1.50
2012.02.28 09:14:12.063,1.33777,1.33801,2.25,1.50
2012.02.28 09:14:12.128,1.33777,1.33803,2.25,2.69
2012.02.28 09:14:14.131,1.33781,1.33805,2.25,3.60
2012.02.28 09:14:14.399,1.33781,1.33805,2.25,1.50
2012.02.28 09:14:14.622,1.33784,1.33808,2.25,2.69
2012.02.28 09:14:14.690,1.33784,1.33808,1.50,2.69
2012.02.28 09:14:14.950,1.33784,1.33808,2.25,2.69
2012.02.28 09:14:16.011,1.33787,1.33812,2.25,2.40
2012.02.28 09:14:16.338,1.33789,1.33812,2.25,1.50
2012.02.28 09:14:16.542,1.33791,1.33814,2.25,2.25
2012.02.28 09:14:16.685,1.33787,1.33812,2.25,1.50
2012.02.28 09:14:16.953,1.3379,1.33814,2.25,2.25
2012.02.28 09:14:17.931,1.33787,1.33811,2.25,2.25
2012.02.28 09:14:18.317,1.33784,1.33807,2.25,1.50
2012.02.28 09:14:19.168,1.33786,1.3381,2.25,2.25
2012.02.28 09:14:20.012,1.33786,1.3381,1.50,2.25
2012.02.28 09:14:20.153,1.33789,1.33812,1.50,2.25
2012.02.28 09:14:20.292,1.33789,1.33814,2.25,1.50
2012.02.28 09:14:20.819,1.33793,1.33816,1.50,1.19
2012.02.28 09:14:21.042,1.33792,1.33816,1.50,1.94
2012.02.28 09:14:21.183,1.33792,1.33816,1.50,1.19
2012.02.28 09:14:21.319,1.33795,1.33816,1.50,1.19
2012.02.28 09:14:21.971,1.33795,1.33817,1.50,1.79
2012.02.28 09:14:22.380,1.33799,1.33821,1.50,1.19
2012.02.28 09:14:22.708,1.33799,1.3382,1.50,1.19
2012.02.28 09:14:22.912,1.33799,1.33824,2.25,3.60
2012.02.28 09:14:25.170,1.33802,1.33823,2.25,1.35
2012.02.28 09:14:25.247,1.33797,1.3382,2.25,1.50
2012.02.28 09:14:25.325,1.33797,1.3382,1.50,2.25
2012.02.28 09:14:26.719,1.33794,1.33817,3.00,1.50
2012.02.28 09:14:27.173,1.33794,1.33817,1.50,2.25
2012.02.28 09:14:27.973,1.33792,1.33815,1.50,2.25
2012.02.28 09:14:28.158,1.33793,1.33817,2.25,1.50
2012.02.28 09:14:28.824,1.33793,1.33818,2.25,2.25
2012.02.28 09:14:29.974,1.33793,1.33817,2.25,1.35
2012.02.28 09:14:30.463,1.33791,1.33814,2.25,1.50
2012.02.28 09:14:30.982,1.33797,1.33821,1.88,2.99
2012.02.28 09:14:31.325,1.33798,1.33823,2.25,2.55
2012.02.28 09:14:31.521,1.33795,1.3382,2.25,1.50
2012.02.28 09:14:31.940,1.33795,1.3382,2.25,2.25
2012.02.28 09:14:32.143,1.33792,1.33817,3.00,1.50
2012.02.28 09:14:32.271,1.33792,1.33817,3.00,1.50
2012.02.28 09:14:32.864,1.33792,1.33817,3.00,1.50
2012.02.28 09:14:32.936,1.33795,1.3382,2.25,2.25
2012.02.28 09:14:33.009,1.33795,1.3382,2.25,1.50
2012.02.28 09:14:34.431,1.33795,1.33818,2.25,1.50
2012.02.28 09:14:34.500,1.33795,1.33818,2.25,1.50
2012.02.28 09:14:35.430,1.33792,1.33817,3.00,1.50
2012.02.28 09:14:35.560,1.33792,1.33817,2.25,1.50
2012.02.28 09:14:35.632,1.3379,1.33813,2.63,1.50
2012.02.28 09:14:35.780,1.33795,1.33818,2.25,1.50
2012.02.28 09:14:36.254,1.33795,1.33817,2.25,1.50
2012.02.28 09:14:36.392,1.33795,1.33818,2.25,2.25
2012.02.28 09:14:36.519,1.33795,1.33818,2.25,3.00
2012.02.28 09:14:36.588,1.33793,1.33815,1.50,1.50
2012.02.28 09:14:36.658,1.33794,1.33818,2.25,3.00
2012.02.28 09:14:38.903,1.33793,1.33815,1.50,1.50
2012.02.28 09:14:40.000,1.33792,1.33815,1.50,2.25
2012.02.28 09:14:40.145,1.33789,1.33813,1.13,2.25
2012.02.28 09:14:40.348,1.33789,1.33813,1.13,2.25
2012.02.28 09:14:44.054,1.33792,1.33815,1.50,3.75
2012.02.28 09:14:44.378,1.33794,1.33818,1.50,1.35
2012.02.28 09:14:44.703,1.33794,1.33818,2.25,1.35
2012.02.28 09:14:45.615,1.33792,1.33815,2.25,1.50
2012.02.28 09:14:46.213,1.33792,1.33815,2.25,1.50
2012.02.28 09:14:46.699,1.33792,1.33815,2.25,2.25
2012.02.28 09:14:46.971,1.33789,1.33813,1.13,1.50
2012.02.28 09:14:48.117,1.33791,1.33814,1.50,2.25
2012.02.28 09:14:48.714,1.33791,1.33812,2.25,1.50
2012.02.28 09:14:48.920,1.33791,1.33817,2.25,3.44
2012.02.28 09:14:48.991,1.33791,1.33816,2.25,1.50
2012.02.28 09:14:49.315,1.33791,1.33812,2.25,1.50
2012.02.28 09:14:49.879,1.33791,1.33816,2.25,2.25
2012.02.28 09:14:49.948,1.33791,1.33814,2.25,1.50
2012.02.28 09:14:50.258,1.33795,1.33818,2.25,1.50
2012.02.28 09:14:51.063,1.33795,1.33818,1.50,2.25
2012.02.28 09:14:51.512,1.33798,1.3382,1.50,2.25
2012.02.28 09:14:51.655,1.33798,1.33821,1.50,2.25
2012.02.28 09:14:53.408,1.33798,1.33821,2.25,2.25
2012.02.28 09:14:53.901,1.33801,1.33822,1.50,1.19
2012.02.28 09:14:55.227,1.33798,1.33821,2.25,2.25
2012.02.28 09:14:57.480,1.33798,1.33821,1.50,2.25
2012.02.28 09:14:57.525,1.33798,1.33821,2.25,1.50
2012.02.28 09:14:59.689,1.33798,1.33821,3.00,1.50
2012.02.28 09:15:00.524,1.33798,1.33821,2.63,1.50
2012.02.28 09:15:01.453,1.33801,1.33824,2.25,2.25
2012.02.28 09:15:01.984,1.33801,1.33824,2.25,1.50
2012.02.28 09:15:03.323,1.33804,1.33826,1.50,1.19
2012.02.28 09:15:03.827,1.338,1.33823,2.25,2.25
2012.02.28 09:15:04.289,1.33796,1.33821,2.25,2.55
2012.02.28 09:15:05.164,1.33799,1.33822,1.50,1.05
2012.02.28 09:15:05.530,1.33802,1.33824,1.50,1.19
2012.02.28 09:15:05.599,1.33802,1.33825,1.50,1.19
2012.02.28 09:15:05.873,1.33797,1.33822,2.25,2.25
2012.02.28 09:15:06.288,1.338,1.33825,1.50,2.69
2012.02.28 09:15:06.693,1.33803,1.33827,2.25,1.50
2012.02.28 09:15:06.955,1.33803,1.33827,2.25,2.25
2012.02.28 09:15:07.544,1.33803,1.33827,1.50,2.25
2012.02.28 09:15:08.062,1.33801,1.33824,2.25,2.25
2012.02.28 09:15:09.926,1.33801,1.33823,2.25,1.50
2012.02.28 09:15:10.076,1.33799,1.33825,2.25,2.25
2012.02.28 09:15:10.758,1.33795,1.33819,2.25,1.50
2012.02.28 09:15:11.362,1.33794,1.33819,2.25,1.50
2012.02.28 09:15:14.618,1.33798,1.33821,1.50,2.25
2012.02.28 09:15:15.622,1.33798,1.33821,1.50,2.25
2012.02.28 09:15:15.753,1.33795,1.33818,3.00,2.25
2012.02.28 09:15:16.761,1.33792,1.33817,2.25,1.50
2012.02.28 09:15:17.715,1.33791,1.33817,2.25,2.25
2012.02.28 09:15:17.792,1.33795,1.33819,1.50,2.25
2012.02.28 09:15:17.859,1.33795,1.33819,2.25,1.50
2012.02.28 09:15:19.057,1.3379,1.33816,2.25,1.50
2012.02.28 09:15:19.430,1.3379,1.33816,2.25,2.25
2012.02.28 09:15:19.791,1.3379,1.33816,2.25,2.25
2012.02.28 09:15:20.558,1.33792,1.33816,1.50,2.25
2012.02.28 09:15:20.891,1.33794,1.33818,1.50,2.25
2012.02.28 09:15:21.643,1.33793,1.33818,2.25,2.69
2012.02.28 09:15:22.222,1.33796,1.33818,1.50,1.19
2012.02.28 09:15:23.021,1.33794,1.33819,3.00,2.69
2012.02.28 09:15:23.735,1.33792,1.33816,2.25,2.55
2012.02.28 09:15:25.094,1.33788,1.33814,2.25,2.85
2012.02.28 09:15:25.422,1.33786,1.33809,2.25,2.25
2012.02.28 09:15:25.740,1.33783,1.33806,1.50,1.50
2012.02.28 09:15:27.693,1.33785,1.33809,2.25,2.25
2012.02.28 09:15:28.369,1.33785,1.33809,1.50,2.25
2012.02.28 09:15:29.199,1.33785,1.33808,2.25,1.50
2012.02.28 09:15:29.801,1.33781,1.33806,3.00,1.50
2012.02.28 09:15:30.356,1.33781,1.33806,3.00,2.25
2012.02.28 09:15:30.703,1.33781,1.33806,3.00,1.50
2012.02.28 09:15:31.773,1.33781,1.33806,2.25,2.25
2012.02.28 09:15:32.120,1.33787,1.33809,1.50,1.19
2012.02.28 09:15:32.604,1.33787,1.33808,1.50,1.19
2012.02.28 09:15:33.155,1.33788,1.3381,1.50,1.35
2012.02.28 09:15:33.556,1.33792,1.33813,1.50,1.19
2012.02.28 09:15:33.695,1.33788,1.33814,1.50,2.69
2012.02.28 09:15:34.139,1.33788,1.33813,1.50,2.25
2012.02.28 09:15:34.351,1.33784,1.33807,2.25,1.50
2012.02.28 09:15:35.063,1.33784,1.33807,2.25,1.50
2012.02.28 09:15:36.099,1.3378,1.33805,3.75,1.50
2012.02.28 09:15:36.533,1.33784,1.33807,2.25,1.50
2012.02.28 09:15:38.391,1.33786,1.33811,2.25,2.69
2012.02.28 09:15:38.591,1.3379,1.33813,1.50,2.25
2012.02.28 09:15:38.660,1.3379,1.33813,2.25,2.25
2012.02.28 09:15:38.851,1.33786,1.33811,2.25,1.50
2012.02.28 09:15:39.776,1.33789,1.33812,2.25,1.50
2012.02.28 09:15:40.221,1.33785,1.33808,3.75,1.50
2012.02.28 09:15:40.463,1.33785,1.33808,2.25,1.50
2012.02.28 09:15:40.802,1.33782,1.33805,2.25,1.50
2012.02.28 09:15:41.426,1.33782,1.33805,3.00,1.50
2012.02.28 09:15:45.070,1.33782,1.33805,3.00,1.50
2012.02.28 09:15:45.453,1.33782,1.33805,3.00,1.50
2012.02.28 09:15:45.526,1.33784,1.33807,2.25,1.50
2012.02.28 09:15:45.605,1.33784,1.33809,2.25,2.25
2012.02.28 09:15:48.638,1.33782,1.33806,2.25,1.50
2012.02.28 09:15:49.298,1.33784,1.3381,2.25,2.25
2012.02.28 09:15:51.701,1.33784,1.3381,2.25,1.50
2012.02.28 09:15:52.056,1.33791,1.33813,1.50,1.19
2012.02.28 09:15:52.275,1.33791,1.33814,1.50,3.75
2012.02.28 09:15:52.348,1.33787,1.33812,2.25,1.50
2012.02.28 09:15:54.580,1.33791,1.33814,1.50,3.75
2012.02.28 09:15:54.651,1.33791,1.33814,2.25,1.50
2012.02.28 09:15:56.824,1.33793,1.33818,2.25,2.69
2012.02.28 09:15:59.274,1.33796,1.3382,1.50,1.19
2012.02.28 09:16:00.413,1.33794,1.33817,2.25,1.50
2012.02.28 09:16:00.741,1.33794,1.33817,1.50,2.25
2012.02.28 09:16:03.614,1.33796,1.3382,2.25,1.19
2012.02.28 09:16:03.814,1.33796,1.33821,2.25,2.25
2012.02.28 09:16:04.547,1.338,1.33823,2.25,1.50
2012.02.28 09:16:05.423,1.33797,1.3382,2.25,1.50
2012.02.28 09:16:06.299,1.33797,1.3382,2.25,2.25
2012.02.28 09:16:07.784,1.33795,1.33821,2.25,2.25
2012.02.28 09:16:08.433,1.33793,1.33818,3.75,1.50
2012.02.28 09:16:08.577,1.33791,1.33813,2.25,1.50
2012.02.28 09:16:08.725,1.33788,1.33813,2.25,2.25
2012.02.28 09:16:09.194,1.33788,1.33813,1.50,2.25
2012.02.28 09:16:10.313,1.33785,1.3381,2.25,2.25
2012.02.28 09:16:12.881,1.33789,1.33812,1.50,3.75
2012.02.28 09:16:15.210,1.33785,1.3381,2.25,2.25
2012.02.28 09:16:16.598,1.33788,1.33812,1.50,2.25
2012.02.28 09:16:17.720,1.33785,1.33808,2.25,1.50
2012.02.28 09:16:19.249,1.33788,1.33811,1.50,2.25
2012.02.28 09:16:20.280,1.33788,1.33811,2.25,1.50
2012.02.28 09:16:23.220,1.33788,1.33811,1.50,2.25
2012.02.28 09:16:24.049,1.33791,1.33814,1.50,2.25
2012.02.28 09:16:24.571,1.33791,1.33814,2.25,2.25
2012.02.28 09:16:24.972,1.33791,1.33814,2.25,1.50
2012.02.28 09:16:25.052,1.33795,1.33818,1.50,2.25
2012.02.28 09:16:25.571,1.33795,1.33818,2.25,2.25
2012.02.28 09:16:25.711,1.33792,1.33815,2.25,1.50
2012.02.28 09:16:25.841,1.33792,1.33815,2.25,1.50
2012.02.28 09:16:28.560,1.33794,1.33818,1.50,2.25
2012.02.28 09:16:30.358,1.33791,1.33814,2.25,1.50
2012.02.28 09:16:30.692,1.33791,1.33804,2.25,1.50
2012.02.28 09:16:30.831,1.33791,1.33809,2.25,1.94
2012.02.28 09:16:31.043,1.33786,1.33809,2.25,1.50
2012.02.28 09:16:31.301,1.33789,1.33812,1.50,1.35
2012.02.28 09:16:31.811,1.33786,1.33811,2.25,1.50
2012.02.28 09:16:32.478,1.33786,1.33811,2.25,2.25
2012.02.28 09:16:32.561,1.33781,1.33806,2.25,2.25
2012.02.28 09:16:32.703,1.33786,1.33809,1.50,2.25
2012.02.28 09:16:32.768,1.33786,1.33809,2.25,1.50
2012.02.28 09:16:33.280,1.33786,1.33809,1.50,2.69
2012.02.28 09:16:33.812,1.33783,1.33806,2.25,1.50
2012.02.28 09:16:33.940,1.33783,1.33806,2.25,1.50
2012.02.28 09:16:34.009,1.33786,1.33809,1.50,1.19
2012.02.28 09:16:34.342,1.33789,1.33812,2.25,1.19
2012.02.28 09:16:34.411,1.33789,1.33814,2.25,4.04
2012.02.28 09:16:35.354,1.33791,1.33814,2.25,2.25
2012.02.28 09:16:35.750,1.33796,1.33818,1.50,3.00
2012.02.28 09:16:35.820,1.33793,1.33816,2.25,2.25
2012.02.28 09:16:36.599,1.33794,1.33816,1.50,2.25
2012.02.28 09:16:37.387,1.33791,1.33814,2.25,1.50
2012.02.28 09:16:37.474,1.33788,1.33811,2.25,1.50
2012.02.28 09:16:37.599,1.33791,1.33816,2.25,2.25
2012.02.28 09:16:39.033,1.33791,1.33814,2.25,1.50
2012.02.28 09:16:39.528,1.33793,1.33816,1.50,2.25
2012.02.28 09:16:44.462,1.33795,1.33817,1.50,1.19
2012.02.28 09:16:44.965,1.33795,1.33818,1.50,1.19
2012.02.28 09:16:45.113,1.33791,1.33816,2.25,1.50
2012.02.28 09:16:45.641,1.33795,1.33818,1.50,2.25
2012.02.28 09:16:46.085,1.33792,1.33815,2.25,1.50
2012.02.28 09:16:51.696,1.33788,1.33813,2.25,1.50
2012.02.28 09:16:51.901,1.33785,1.3381,2.25,1.50
2012.02.28 09:16:52.172,1.33785,1.3381,2.25,1.50
2012.02.28 09:16:53.383,1.33785,1.3381,2.25,2.25
2012.02.28 09:16:55.383,1.33787,1.3381,1.50,2.25
2012.02.28 09:16:55.520,1.33788,1.33811,1.50,1.19
2012.02.28 09:16:57.682,1.33788,1.33813,2.25,2.25
2012.02.28 09:16:57.991,1.33786,1.33809,2.25,1.50
2012.02.28 09:16:58.301,1.33786,1.33809,2.25,2.25
2012.02.28 09:16:58.558,1.33784,1.33806,2.25,1.50
2012.02.28 09:16:59.028,1.33781,1.33803,3.00,1.50
2012.02.28 09:16:59.245,1.33776,1.33795,1.50,1.50
2012.02.28 09:16:59.533,1.33774,1.33799,2.25,1.50
2012.02.28 09:16:59.672,1.33778,1.33801,2.25,1.50
2012.02.28 09:17:00.299,1.33779,1.33801,1.50,1.50
2012.02.28 09:17:00.372,1.33781,1.33803,1.50,2.69
2012.02.28 09:17:00.753,1.33778,1.33801,2.25,3.00
2012.02.28 09:17:00.820,1.33775,1.33798,2.25,1.50
2012.02.28 09:17:02.095,1.33778,1.33801,2.25,3.00
2012.02.28 09:17:02.174,1.33778,1.33801,2.25,1.50
2012.02.28 09:17:02.510,1.33774,1.33799,2.25,1.50
2012.02.28 09:17:02.819,1.33778,1.33801,2.25,1.50
2012.02.28 09:17:04.462,1.33776,1.33798,2.25,1.50
2012.02.28 09:17:07.583,1.33778,1.33801,2.25,1.50
2012.02.28 09:17:08.774,1.33778,1.33801,2.25,2.25
2012.02.28 09:17:08.980,1.33774,1.33799,2.25,1.50
2012.02.28 09:17:10.490,1.33774,1.33799,2.25,1.50
2012.02.28 09:17:11.759,1.33778,1.33803,1.50,2.69
2012.02.28 09:17:12.269,1.33775,1.338,2.25,1.50
2012.02.28 09:17:12.789,1.33775,1.338,2.25,2.25
2012.02.28 09:17:13.300,1.33773,1.33796,2.25,1.50
2012.02.28 09:17:15.751,1.33778,1.33798,1.50,1.50
2012.02.28 09:17:15.831,1.33784,1.33804,1.50,2.25
2012.02.28 09:17:15.904,1.33788,1.33809,1.50,1.13
2012.02.28 09:17:16.529,1.33785,1.33808,3.75,1.50
2012.02.28 09:17:16.603,1.3379,1.33808,2.25,1.50
2012.02.28 09:17:17.057,1.33795,1.33817,1.50,1.50
2012.02.28 09:17:17.588,1.33792,1.33816,2.25,1.50
2012.02.28 09:17:18.432,1.3379,1.33813,2.25,1.50
2012.02.28 09:17:18.784,1.3379,1.33813,2.25,1.50
2012.02.28 09:17:18.989,1.33792,1.33817,2.25,2.25
2012.02.28 09:17:19.662,1.33792,1.33817,2.25,2.25
2012.02.28 09:17:20.329,1.33792,1.33817,2.25,2.25
2012.02.28 09:17:20.421,1.33792,1.33817,2.25,2.25
2012.02.28 09:17:21.021,1.33795,1.33818,1.50,1.50
2012.02.28 09:17:21.100,1.33795,1.33818,3.00,1.50
2012.02.28 09:17:21.170,1.33795,1.33819,3.75,1.50
2012.02.28 09:17:21.603,1.33793,1.33817,2.25,2.25
2012.02.28 09:17:21.950,1.33797,1.33818,2.25,1.50
2012.02.28 09:17:22.236,1.33806,1.33827,2.25,1.94
2012.02.28 09:17:22.733,1.33799,1.33824,2.25,1.50
2012.02.28 09:17:23.054,1.33803,1.33827,2.25,1.19
2012.02.28 09:17:23.773,1.33803,1.33824,2.25,1.50
2012.02.28 09:17:23.844,1.33798,1.33822,2.25,1.50
2012.02.28 09:17:24.057,1.33795,1.33818,2.25,1.50
2012.02.28 09:17:24.135,1.33795,1.33818,2.25,2.25
2012.02.28 09:17:24.931,1.33794,1.33817,1.50,2.25
2012.02.28 09:17:25.061,1.33792,1.33814,1.50,2.25
2012.02.28 09:17:25.342,1.33795,1.33814,1.50,2.25
2012.02.28 09:17:25.419,1.33796,1.33818,1.50,1.19
2012.02.28 09:17:25.491,1.33793,1.33818,2.25,2.69
2012.02.28 09:17:25.870,1.33793,1.33818,2.25,2.25
2012.02.28 09:17:25.939,1.33793,1.33818,2.25,2.25
2012.02.28 09:17:26.488,1.33794,1.33817,1.50,2.25
2012.02.28 09:17:26.956,1.33796,1.3382,1.50,2.25
2012.02.28 09:17:28.741,1.33794,1.33817,3.75,1.50
2012.02.28 09:17:33.404,1.33794,1.33817,2.25,1.50
2012.02.28 09:17:33.744,1.33798,1.33817,2.25,1.50
2012.02.28 09:17:33.873,1.33798,1.33821,2.25,2.25
2012.02.28 09:17:34.398,1.338,1.33824,2.25,2.25
2012.02.28 09:17:35.214,1.338,1.33824,1.50,3.00
2012.02.28 09:17:35.470,1.33798,1.33821,2.25,1.50
2012.02.28 09:17:35.662,1.33798,1.33821,1.50,3.00
2012.02.28 09:17:37.654,1.33801,1.33822,1.50,1.50
2012.02.28 09:17:37.860,1.33801,1.33824,2.25,1.50
2012.02.28 09:17:37.930,1.33801,1.33825,2.25,2.25
2012.02.28 09:17:38.061,1.33804,1.33827,2.25,2.25
2012.02.28 09:17:38.883,1.33801,1.33824,2.25,1.50
2012.02.28 09:17:39.484,1.33799,1.33818,1.50,1.50
2012.02.28 09:17:39.559,1.33793,1.33818,3.00,2.25
2012.02.28 09:17:39.629,1.33792,1.33814,1.50,1.50
2012.02.28 09:17:39.760,1.33797,1.3382,1.50,2.25
2012.02.28 09:17:40.645,1.33797,1.3382,2.25,3.60
2012.02.28 09:17:41.182,1.33799,1.33823,1.50,1.35
2012.02.28 09:17:41.501,1.33795,1.33818,2.25,1.50
2012.02.28 09:17:42.022,1.33797,1.3382,1.50,2.85
2012.02.28 09:17:42.680,1.33795,1.33818,2.25,1.50
2012.02.28 09:17:42.989,1.33793,1.33818,2.25,2.25
2012.02.28 09:17:44.190,1.33795,1.33818,1.50,2.25
2012.02.28 09:17:44.567,1.33795,1.33818,2.25,1.50
2012.02.28 09:17:44.650,1.33798,1.33821,1.50,2.85
2012.02.28 09:17:44.727,1.33794,1.33819,2.25,2.25
2012.02.28 09:17:44.865,1.33797,1.33821,1.50,1.35
2012.02.28 09:17:44.932,1.33795,1.33818,3.75,1.50
2012.02.28 09:17:45.122,1.33795,1.33818,1.50,2.25
2012.02.28 09:17:46.125,1.33792,1.33815,2.25,1.50
2012.02.28 09:17:47.271,1.33792,1.33815,2.25,2.25
2012.02.28 09:17:47.603,1.33795,1.33817,1.50,2.25
2012.02.28 09:17:47.799,1.33795,1.33818,1.50,2.25
2012.02.28 09:17:49.795,1.33795,1.33818,2.25,2.85
2012.02.28 09:17:50.226,1.33797,1.33819,1.50,1.35
2012.02.28 09:17:50.373,1.33793,1.33818,2.25,2.25
2012.02.28 09:17:50.631,1.33789,1.33815,2.25,2.25
2012.02.28 09:17:51.344,1.33792,1.33817,2.25,3.75
2012.02.28 09:17:53.282,1.33795,1.33819,1.50,1.65
2012.02.28 09:17:53.352,1.33795,1.33819,2.25,1.05
2012.02.28 09:17:56.346,1.33794,1.33817,2.25,2.10
2012.02.28 09:17:56.981,1.3379,1.33815,2.85,1.50
2012.02.28 09:17:57.318,1.3379,1.33811,1.35,1.50
2012.02.28 09:17:57.641,1.33791,1.33814,2.25,1.50
2012.02.28 09:17:58.558,1.3379,1.33813,1.35,1.50
2012.02.28 09:17:59.631,1.33789,1.33813,1.50,2.25
2012.02.28 09:18:00.926,1.33786,1.33809,1.50,1.50
2012.02.28 09:18:03.436,1.33788,1.33812,2.25,2.10
2012.02.28 09:18:03.941,1.33788,1.33812,2.25,1.50
2012.02.28 09:18:04.012,1.33791,1.33814,1.50,2.25
2012.02.28 09:18:04.348,1.33789,1.33813,2.25,2.85
2012.02.28 09:18:07.365,1.33789,1.33813,1.50,2.85
2012.02.28 09:18:07.459,1.33789,1.33813,1.50,2.25
2012.02.28 09:18:09.183,1.3379,1.33813,1.50,2.25
2012.02.28 09:18:09.323,1.3379,1.3381,1.50,1.50
2012.02.28 09:18:14.085,1.33788,1.3381,1.50,1.50
2012.02.28 09:18:14.233,1.33786,1.3381,1.50,3.60
2012.02.28 09:18:14.800,1.33783,1.33805,1.50,1.50
2012.02.28 09:18:15.133,1.33783,1.33807,3.00,1.50
2012.02.28 09:18:15.637,1.33783,1.33807,3.00,2.25
2012.02.28 09:18:15.993,1.33783,1.33804,1.50,1.50
2012.02.28 09:18:16.569,1.33784,1.33806,2.25,1.50
2012.02.28 09:18:17.114,1.33787,1.33812,2.25,2.85
2012.02.28 09:18:17.189,1.33787,1.33812,2.25,2.85
2012.02.28 09:18:17.539,1.33791,1.33812,1.50,1.50
2012.02.28 09:18:18.103,1.33795,1.33818,1.50,2.25
2012.02.28 09:18:18.175,1.33795,1.33818,1.50,2.25
2012.02.28 09:18:18.251,1.33791,1.33814,3.75,1.50
2012.02.28 09:18:18.713,1.33792,1.33814,1.50,1.50
2012.02.28 09:18:18.785,1.33793,1.33818,2.25,2.25
2012.02.28 09:18:18.936,1.33797,1.3382,2.25,2.25
2012.02.28 09:18:19.662,1.33794,1.33818,1.50,1.50
2012.02.28 09:18:20.012,1.33791,1.33815,3.75,1.50
2012.02.28 09:18:20.085,1.33791,1.33811,2.25,1.50
2012.02.28 09:18:20.540,1.33791,1.33814,1.50,1.50
2012.02.28 09:18:21.090,1.33793,1.33816,2.25,2.25
2012.02.28 09:18:25.412,1.3379,1.33813,2.25,1.50
2012.02.28 09:18:30.544,1.33792,1.33815,2.25,2.25
2012.02.28 09:18:30.621,1.33792,1.33814,2.25,1.35
2012.02.28 09:18:30.962,1.33792,1.33812,1.50,3.44
2012.02.28 09:18:31.176,1.3379,1.33812,1.50,2.69
2012.02.28 09:18:31.255,1.33786,1.33811,2.25,2.25
2012.02.28 09:18:31.834,1.33783,1.33799,1.50,1.50
2012.02.28 09:18:31.914,1.33783,1.33809,3.00,2.25
2012.02.28 09:18:31.985,1.33784,1.33809,1.50,1.50
2012.02.28 09:18:32.348,1.33785,1.33807,2.25,1.50
2012.02.28 09:18:32.623,1.33789,1.33813,1.50,3.29
2012.02.28 09:18:33.134,1.33785,1.3381,3.00,2.25
2012.02.28 09:18:35.121,1.33785,1.3381,3.75,1.50
2012.02.28 09:18:35.353,1.33788,1.33812,2.25,1.50
2012.02.28 09:18:36.288,1.33785,1.3381,2.25,1.50
2012.02.28 09:18:36.857,1.33788,1.33811,2.25,1.50
2012.02.28 09:18:37.371,1.33788,1.33811,2.25,2.25
2012.02.28 09:18:37.725,1.33785,1.33808,3.75,1.50
2012.02.28 09:18:38.532,1.33785,1.33808,2.25,1.50
2012.02.28 09:18:39.064,1.33785,1.33808,3.75,1.50
2012.02.28 09:18:39.206,1.33782,1.33808,2.25,2.25
2012.02.28 09:18:39.403,1.33782,1.33808,2.25,1.50
2012.02.28 09:18:40.146,1.33782,1.33808,2.25,2.25
2012.02.28 09:18:41.026,1.33782,1.33808,2.25,2.25
2012.02.28 09:18:41.621,1.33786,1.33809,2.25,1.50
2012.02.28 09:18:43.733,1.33788,1.33813,2.25,2.85
2012.02.28 09:18:43.953,1.33793,1.33813,1.50,1.35
2012.02.28 09:18:44.400,1.33789,1.33815,2.25,2.25
2012.02.28 09:18:45.250,1.33787,1.3381,2.25,1.50
2012.02.28 09:18:46.081,1.3379,1.33813,1.50,2.25
2012.02.28 09:18:49.049,1.33786,1.33811,2.25,2.25
2012.02.28 09:18:51.050,1.3379,1.33814,1.50,2.25
2012.02.28 09:18:51.599,1.33791,1.33815,1.50,2.69
2012.02.28 09:18:52.130,1.3379,1.33813,3.00,2.25
2012.02.28 09:18:52.199,1.33792,1.33816,1.50,2.69
2012.02.28 09:18:53.240,1.3379,1.33813,3.00,2.25
2012.02.28 09:18:54.407,1.3379,1.33813,2.25,1.50
2012.02.28 09:18:54.916,1.33792,1.33815,1.50,1.19
2012.02.28 09:18:55.280,1.33788,1.33814,2.25,2.25
2012.02.28 09:18:55.880,1.33791,1.33815,1.50,2.25
2012.02.28 09:18:57.013,1.33791,1.33816,2.25,2.25
2012.02.28 09:18:57.082,1.33795,1.33818,1.50,3.75
2012.02.28 09:18:57.660,1.33796,1.33819,1.50,2.85
2012.02.28 09:18:58.190,1.33795,1.33819,1.50,2.85
2012.02.28 09:18:59.576,1.33795,1.33819,1.50,2.25
2012.02.28 09:18:59.782,1.33795,1.33818,1.50,2.25
2012.02.28 09:18:59.980,1.33793,1.33816,3.00,2.25
2012.02.28 09:19:00.676,1.33793,1.33816,3.00,1.50
2012.02.28 09:19:00.944,1.33796,1.33818,1.50,2.25
2012.02.28 09:19:02.564,1.33796,1.33819,2.25,2.25
2012.02.28 09:19:02.900,1.33792,1.33817,1.50,1.50
2012.02.28 09:19:03.401,1.33795,1.33818,2.25,1.50
2012.02.28 09:19:04.818,1.33795,1.33817,1.50,1.35
2012.02.28 09:19:05.820,1.33791,1.33816,2.25,2.25
2012.02.28 09:19:06.334,1.33795,1.3382,2.25,2.25
2012.02.28 09:19:06.407,1.33795,1.3382,3.00,2.25
2012.02.28 09:19:06.816,1.33795,1.33817,1.50,1.50
2012.02.28 09:19:07.340,1.33793,1.33816,2.25,1.50
2012.02.28 09:19:07.660,1.33796,1.33821,2.25,3.00
2012.02.28 09:19:07.989,1.33794,1.33817,3.75,1.50
2012.02.28 09:19:08.322,1.33792,1.33815,1.50,1.50
2012.02.28 09:19:08.391,1.33793,1.33815,1.50,1.50
2012.02.28 09:19:08.683,1.33792,1.33813,1.50,1.50
2012.02.28 09:19:08.751,1.33791,1.33813,1.50,2.25
2012.02.28 09:19:09.117,1.33789,1.33807,1.50,1.50
2012.02.28 09:19:10.010,1.33787,1.33811,1.50,1.50
2012.02.28 09:19:10.562,1.33787,1.33807,1.50,1.50
2012.02.28 09:19:11.380,1.33787,1.33812,3.00,1.50
2012.02.28 09:19:11.520,1.33787,1.33809,3.00,1.50
2012.02.28 09:19:11.885,1.33787,1.33806,1.50,1.50
2012.02.28 09:19:12.081,1.33787,1.33812,3.00,2.25
2012.02.28 09:19:12.298,1.33787,1.33807,1.50,1.50
2012.02.28 09:19:12.919,1.33786,1.33805,1.50,1.50
2012.02.28 09:19:13.242,1.33791,1.33807,1.50,1.50
2012.02.28 09:19:13.559,1.33796,1.33819,1.50,2.25
2012.02.28 09:19:13.772,1.33793,1.33817,2.25,1.50
2012.02.28 09:19:13.939,1.33792,1.33817,2.25,1.50
2012.02.28 09:19:14.299,1.33791,1.33813,1.50,1.50
2012.02.28 09:19:15.124,1.3379,1.33813,2.25,1.50
2012.02.28 09:19:15.431,1.33788,1.33809,1.50,1.50
2012.02.28 09:19:15.741,1.33787,1.33811,2.25,1.50
2012.02.28 09:19:16.201,1.33789,1.33815,2.25,1.50
2012.02.28 09:19:16.473,1.33788,1.33811,2.25,1.50
2012.02.28 09:19:17.009,1.33788,1.33811,2.25,2.25
2012.02.28 09:19:17.091,1.33785,1.33804,1.13,1.50
2012.02.28 09:19:18.112,1.33786,1.33804,1.13,1.50
2012.02.28 09:19:18.558,1.33787,1.3381,2.25,2.25
2012.02.28 09:19:18.629,1.33789,1.33811,1.50,1.94
2012.02.28 09:19:18.759,1.33786,1.33809,2.63,2.25
2012.02.28 09:19:19.395,1.33786,1.33809,2.25,2.85
2012.02.28 09:19:20.229,1.33786,1.33809,2.25,2.25
2012.02.28 09:19:21.224,1.33787,1.33812,2.25,1.19
2012.02.28 09:19:21.762,1.33787,1.33812,2.25,1.79
2012.02.28 09:19:25.174,1.33791,1.33812,1.50,1.35
2012.02.28 09:19:25.559,1.33786,1.33808,1.88,1.50
2012.02.28 09:19:25.991,1.33786,1.33808,1.50,1.50
2012.02.28 09:19:26.450,1.33788,1.33813,2.25,2.70
2012.02.28 09:19:26.964,1.33785,1.33809,1.88,1.50
2012.02.28 09:19:31.048,1.33788,1.33811,2.25,1.50
2012.02.28 09:19:32.155,1.33788,1.33811,1.50,2.25
2012.02.28 09:19:32.517,1.33784,1.33806,1.13,1.50
2012.02.28 09:19:32.596,1.33784,1.33802,1.13,1.50
2012.02.28 09:19:32.734,1.33785,1.33806,1.13,1.50
2012.02.28 09:19:33.319,1.33791,1.33809,1.50,1.20
2012.02.28 09:19:33.411,1.33791,1.3381,2.25,1.50
2012.02.28 09:19:33.487,1.33786,1.3381,1.13,2.25
2012.02.28 09:19:35.166,1.33789,1.33812,1.50,2.25
2012.02.28 09:19:35.491,1.33786,1.33809,2.25,1.50
2012.02.28 09:19:36.651,1.33788,1.3381,1.50,1.50
2012.02.28 09:19:37.396,1.33786,1.33808,2.25,1.50
2012.02.28 09:19:38.763,1.33787,1.33811,1.50,2.25
2012.02.28 09:19:39.117,1.33787,1.3381,1.50,1.35
2012.02.28 09:19:39.744,1.33786,1.33809,1.13,2.10
2012.02.28 09:19:42.062,1.33785,1.33809,1.13,1.50
2012.02.28 09:19:44.818,1.33785,1.33809,1.13,3.00
2012.02.28 09:19:45.152,1.33783,1.33809,1.50,3.00
2012.02.28 09:19:45.703,1.33787,1.33811,1.50,3.75
2012.02.28 09:19:46.152,1.33783,1.33809,1.50,2.25
2012.02.28 09:19:50.835,1.33783,1.33809,2.25,2.25
2012.02.28 09:19:50.915,1.33787,1.33811,1.50,2.69
2012.02.28 09:19:51.061,1.33784,1.33807,1.50,2.25
2012.02.28 09:19:51.868,1.33781,1.33804,2.25,1.50
2012.02.28 09:19:54.110,1.33781,1.33804,2.25,2.25
2012.02.28 09:19:59.363,1.33778,1.33799,2.25,1.50
2012.02.28 09:19:59.437,1.33778,1.33799,1.50,2.25
2012.02.28 09:19:59.589,1.33775,1.33799,1.50,2.25
2012.02.28 09:19:59.669,1.33774,1.33796,1.50,1.50
2012.02.28 09:20:00.000,1.33774,1.33794,1.50,1.50
2012.02.28 09:20:00.513,1.33774,1.33794,1.50,1.50
2012.02.28 09:20:00.704,1.33775,1.33798,2.25,1.94
2012.02.28 09:20:01.213,1.33776,1.33799,2.25,1.19
2012.02.28 09:20:02.949,1.33773,1.33798,2.25,2.63
2012.02.28 09:20:03.248,1.3378,1.33802,1.50,1.43
2012.02.28 09:20:03.395,1.3378,1.33802,2.25,1.13
2012.02.28 09:20:03.544,1.33783,1.33805,1.50,2.25
2012.02.28 09:20:03.758,1.33781,1.33805,1.50,1.50
2012.02.28 09:20:04.040,1.33784,1.33804,1.50,2.10
2012.02.28 09:20:04.511,1.33776,1.338,2.25,3.75
2012.02.28 09:20:04.586,1.33783,1.33805,1.50,1.35
2012.02.28 09:20:04.849,1.33786,1.33807,1.50,1.73
2012.02.28 09:20:05.440,1.33786,1.33809,1.50,2.69
2012.02.28 09:20:05.991,1.33784,1.33806,2.25,1.50
2012.02.28 09:20:06.179,1.33779,1.33805,3.00,1.50
2012.02.28 09:20:06.380,1.33779,1.33801,1.50,1.50
2012.02.28 09:20:08.037,1.33777,1.33799,1.50,1.50
2012.02.28 09:20:08.111,1.33777,1.33799,1.50,1.50
2012.02.28 09:20:08.183,1.33775,1.33792,1.50,1.50
2012.02.28 09:20:08.549,1.33772,1.33792,1.50,1.50
2012.02.28 09:20:09.458,1.33772,1.33795,1.50,1.50
2012.02.28 09:20:10.181,1.33773,1.33796,2.25,2.25
2012.02.28 09:20:15.013,1.33771,1.33793,1.50,1.50
2012.02.28 09:20:15.533,1.3378,1.33804,2.25,2.10
2012.02.28 09:20:15.859,1.33777,1.33803,2.25,2.25
2012.02.28 09:20:16.111,1.33777,1.33801,1.50,2.25
2012.02.28 09:20:16.320,1.33778,1.33802,2.25,2.25
2012.02.28 09:20:18.050,1.33774,1.338,2.25,1.50
2012.02.28 09:20:18.504,1.33773,1.33797,1.50,2.10
2012.02.28 09:20:18.572,1.33772,1.33796,2.25,1.35
2012.02.28 09:20:19.223,1.33773,1.33797,1.50,1.50
2012.02.28 09:20:20.239,1.33772,1.33796,2.25,2.25
2012.02.28 09:20:20.668,1.33769,1.33794,3.00,1.50
2012.02.28 09:20:26.379,1.33771,1.33797,2.25,2.25
2012.02.28 09:20:28.475,1.33777,1.33798,2.25,1.50
2012.02.28 09:20:28.692,1.33782,1.33807,2.25,2.69
2012.02.28 09:20:28.767,1.33782,1.33803,2.25,1.50
2012.02.28 09:20:28.841,1.33782,1.33806,2.25,2.25
2012.02.28 09:20:29.270,1.33782,1.33801,2.25,1.50
2012.02.28 09:20:29.411,1.33783,1.33807,2.25,1.19
2012.02.28 09:20:30.492,1.33783,1.33809,2.25,2.69
2012.02.28 09:20:30.939,1.33787,1.33809,1.50,1.19
2012.02.28 09:20:31.230,1.33784,1.33809,2.25,2.69
2012.02.28 09:20:31.420,1.33784,1.33809,2.25,2.25
2012.02.28 09:20:31.622,1.33781,1.33806,2.25,1.50
2012.02.28 09:20:31.978,1.33779,1.33804,2.25,1.50
2012.02.28 09:20:32.572,1.3378,1.33803,2.25,1.50
2012.02.28 09:20:32.657,1.33777,1.33801,1.50,1.50
2012.02.28 09:20:33.042,1.33776,1.33797,1.50,1.50
2012.02.28 09:20:33.352,1.33776,1.33795,1.50,1.50
2012.02.28 09:20:33.852,1.33776,1.33795,1.50,1.50
2012.02.28 09:20:34.155,1.33779,1.33803,1.50,1.35
2012.02.28 09:20:34.794,1.33776,1.33802,3.00,2.25
2012.02.28 09:20:35.437,1.33777,1.33797,1.50,1.50
2012.02.28 09:20:35.513,1.33776,1.33797,1.50,1.50
2012.02.28 09:20:36.052,1.33773,1.33797,1.50,2.25
2012.02.28 09:20:41.582,1.33775,1.33797,1.50,3.00
2012.02.28 09:20:41.784,1.33778,1.33801,3.75,3.00
2012.02.28 09:20:41.857,1.33781,1.33801,1.50,1.50
2012.02.28 09:20:42.365,1.33778,1.33801,2.25,1.50
2012.02.28 09:20:43.410,1.33774,1.33799,2.25,1.50
2012.02.28 09:20:43.916,1.33779,1.33804,2.25,4.04
2012.02.28 09:20:44.273,1.33782,1.33804,1.50,2.54
2012.02.28 09:20:44.343,1.33779,1.33804,2.25,4.04
2012.02.28 09:20:45.163,1.33777,1.338,2.25,1.50
2012.02.28 09:20:45.391,1.3378,1.33804,2.25,2.10
2012.02.28 09:20:46.182,1.33776,1.338,2.25,1.50
2012.02.28 09:20:46.252,1.33774,1.33799,2.25,1.50
2012.02.28 09:20:46.922,1.33774,1.33799,2.25,2.25
2012.02.28 09:20:47.511,1.33771,1.33796,1.50,1.50
2012.02.28 09:20:48.030,1.33774,1.33797,2.25,1.50
2012.02.28 09:20:48.351,1.33771,1.33793,1.50,1.50
2012.02.28 09:20:48.750,1.33773,1.33796,2.25,1.50
2012.02.28 09:20:48.960,1.33775,1.33799,2.25,2.25
2012.02.28 09:20:49.637,1.33773,1.33797,2.25,1.50
2012.02.28 09:20:49.839,1.33775,1.338,2.25,2.25
2012.02.28 09:20:50.179,1.33772,1.33797,2.25,2.25
2012.02.28 09:20:50.781,1.33777,1.338,1.50,2.69
2012.02.28 09:20:51.062,1.33774,1.33797,3.75,2.25
2012.02.28 09:20:54.070,1.33777,1.338,1.50,2.69
2012.02.28 09:20:54.421,1.33778,1.33804,2.25,2.69
2012.02.28 09:20:54.941,1.33776,1.338,2.25,1.50
2012.02.28 09:20:55.010,1.33773,1.33796,2.25,1.50
2012.02.28 09:20:55.262,1.33774,1.33799,2.25,3.00
2012.02.28 09:20:56.922,1.33772,1.33795,2.25,1.50
2012.02.28 09:20:57.180,1.33771,1.33795,2.25,1.50
2012.02.28 09:20:57.610,1.33773,1.33799,2.25,2.25
2012.02.28 09:21:00.188,1.33776,1.33801,2.25,2.25
2012.02.28 09:21:00.633,1.33774,1.33798,2.25,1.50
2012.02.28 09:21:00.950,1.33777,1.33801,2.25,2.25
2012.02.28 09:21:02.115,1.33781,1.33804,1.50,3.90
2012.02.28 09:21:02.654,1.33778,1.33802,2.25,2.25
2012.02.28 09:21:03.263,1.33777,1.33802,2.25,1.50
2012.02.28 09:21:03.685,1.33777,1.33798,1.50,1.50
2012.02.28 09:21:04.040,1.3377,1.33792,1.88,1.50
2012.02.28 09:21:04.117,1.3377,1.33792,1.13,1.65
2012.02.28 09:21:04.191,1.33769,1.3379,2.63,1.50
2012.02.28 09:21:04.332,1.33769,1.3379,2.25,1.50
2012.02.28 09:21:04.857,1.33768,1.33791,2.25,1.50
2012.02.28 09:21:06.451,1.33765,1.33788,3.00,1.50
2012.02.28 09:21:07.059,1.3377,1.33793,2.25,2.40
2012.02.28 09:21:13.309,1.3377,1.33793,2.25,1.65
2012.02.28 09:21:13.621,1.33778,1.33801,1.50,2.25
2012.02.28 09:21:13.830,1.33778,1.33801,1.50,2.25
2012.02.28 09:21:14.037,1.33773,1.33795,1.50,1.50
2012.02.28 09:21:14.116,1.33773,1.33795,1.50,1.50
2012.02.28 09:21:14.258,1.33774,1.33798,2.25,2.25
2012.02.28 09:21:14.592,1.33773,1.33795,1.50,1.50
2012.02.28 09:21:14.720,1.33774,1.33798,2.25,2.25
2012.02.28 09:21:15.245,1.33773,1.33795,1.50,1.50
2012.02.28 09:21:15.793,1.33773,1.33795,1.50,1.50
2012.02.28 09:21:16.190,1.33773,1.33798,3.00,1.50
2012.02.28 09:21:16.435,1.33773,1.33795,1.50,1.50
2012.02.28 09:21:16.859,1.33774,1.33798,2.25,1.50
2012.02.28 09:21:19.362,1.33776,1.33801,2.25,3.44
2012.02.28 09:21:19.433,1.33774,1.33797,3.75,1.50
2012.02.28 09:21:22.333,1.33777,1.33801,2.25,1.94
2012.02.28 09:21:22.550,1.33777,1.33798,1.50,2.25
2012.02.28 09:21:22.625,1.33773,1.33796,1.50,2.25
2012.02.28 09:21:22.814,1.33773,1.33796,1.50,2.25
2012.02.28 09:21:22.884,1.33776,1.33799,1.50,2.25
2012.02.28 09:21:23.222,1.33776,1.33799,2.25,2.25
2012.02.28 09:21:23.419,1.33776,1.33797,1.50,1.35
2012.02.28 09:21:23.492,1.33773,1.33795,3.00,1.35
2012.02.28 09:21:23.562,1.33771,1.33791,2.25,1.50
2012.02.28 09:21:23.700,1.33771,1.33793,2.25,1.50
2012.02.28 09:21:24.090,1.33768,1.33791,2.25,1.50
2012.02.28 09:21:27.932,1.33768,1.33791,2.25,1.50
2012.02.28 09:21:30.922,1.33771,1.33794,1.50,2.25
2012.02.28 09:21:31.252,1.33771,1.33795,2.25,1.50
2012.02.28 09:21:31.320,1.33771,1.33795,2.25,2.25
2012.02.28 09:21:31.632,1.33771,1.33795,2.25,1.50
2012.02.28 09:21:31.761,1.33775,1.33797,2.25,2.40
2012.02.28 09:21:38.304,1.33778,1.33799,1.50,1.19
2012.02.28 09:21:38.519,1.3378,1.33805,2.25,3.38
2012.02.28 09:21:38.866,1.33776,1.33799,2.25,1.50
2012.02.28 09:21:39.350,1.33776,1.33799,1.50,2.25
2012.02.28 09:21:39.432,1.33773,1.33796,2.63,1.50
2012.02.28 09:21:39.894,1.33773,1.33795,2.25,1.50
2012.02.28 09:21:40.152,1.33775,1.33798,2.25,1.50
2012.02.28 09:21:40.669,1.33773,1.33797,1.50,1.50
2012.02.28 09:21:41.263,1.33774,1.33799,2.25,2.25
2012.02.28 09:21:41.793,1.33776,1.33799,2.25,1.50
2012.02.28 09:21:41.861,1.33778,1.33801,2.25,1.50
2012.02.28 09:21:41.932,1.33774,1.33799,2.25,1.50
2012.02.28 09:21:42.867,1.33778,1.33803,2.25,2.25
2012.02.28 09:21:43.734,1.33775,1.338,2.25,1.50
