2009.07.17 15:00:00.662,1.5745,1.5751,6.40,4.80
2009.07.17 15:00:01.130,1.5745,1.5751,7.20,4.80
2009.07.17 15:00:01.640,1.57455,1.57515,6.40,18.20
2009.07.17 15:00:02.000,1.57455,1.5751,6.40,24.60
2009.07.17 15:00:02.060,1.5745,1.5751,9.60,16.60
2009.07.17 15:00:03.120,1.5745,1.5751,6.40,21.80
2009.07.17 15:00:03.710,1.57455,1.57505,6.40,4.80
2009.07.17 15:00:04.170,1.57455,1.57505,6.40,20.80
2009.07.17 15:00:04.520,1.5745,1.5749,6.40,1.60
2009.07.17 15:00:05.519,1.5746,1.575,9.60,9.60
2009.07.17 15:00:05.859,1.5747,1.575,6.40,8.00
2009.07.17 15:00:06.269,1.5747,1.57505,6.40,8.00
2009.07.17 15:00:06.619,1.5747,1.5753,6.40,16.60
2009.07.17 15:00:07.019,1.57465,1.5753,9.60,15.00
2009.07.17 15:00:08.228,1.5747,1.57525,4.80,15.00
2009.07.17 15:00:08.549,1.57485,1.57535,3.20,8.00
2009.07.17 15:00:08.889,1.57485,1.5754,3.20,23.00
2009.07.17 15:00:09.288,1.5747,1.5753,7.20,6.40
2009.07.17 15:00:09.558,1.57475,1.5753,6.40,2.20
2009.07.17 15:00:09.908,1.5749,1.57525,3.20,6.40
2009.07.17 15:00:10.598,1.5748,1.57535,11.20,8.60
2009.07.17 15:00:10.898,1.5748,1.5754,9.60,15.00
2009.07.17 15:00:11.628,1.5749,1.5754,3.20,8.60
2009.07.17 15:00:12.168,1.5748,1.5754,6.40,27.80
2009.07.17 15:00:12.518,1.5748,1.57535,6.40,16.60
2009.07.17 15:00:12.867,1.57465,1.57525,9.60,15.00
2009.07.17 15:00:14.207,1.57465,1.5752,6.40,2.20
2009.07.17 15:00:14.737,1.5746,1.5752,17.60,15.00
2009.07.17 15:00:14.857,1.5746,1.5752,9.60,16.60
2009.07.17 15:00:15.137,1.5746,1.5752,9.60,18.20
2009.07.17 15:00:15.527,1.57465,1.5751,3.20,1.60
2009.07.17 15:00:15.987,1.57465,1.57515,9.60,2.20
2009.07.17 15:00:16.277,1.57465,1.57515,3.20,2.20
2009.07.17 15:00:17.196,1.5746,1.5751,3.20,2.20
2009.07.17 15:00:17.536,1.57455,1.5751,9.60,8.60
2009.07.17 15:00:18.006,1.57455,1.575,9.60,1.60
2009.07.17 15:00:18.416,1.57455,1.57515,9.60,19.80
2009.07.17 15:00:20.086,1.57445,1.57505,9.60,15.00
2009.07.17 15:00:20.376,1.57455,1.57505,3.20,15.00
2009.07.17 15:00:20.716,1.57455,1.5751,3.20,16.60
2009.07.17 15:00:21.076,1.57455,1.575,3.20,1.60
2009.07.17 15:00:21.475,1.57455,1.5751,9.60,10.20
2009.07.17 15:00:21.885,1.57455,1.5751,3.20,15.00
2009.07.17 15:00:22.266,1.57455,1.5751,4.80,15.00
2009.07.17 15:00:22.615,1.5747,1.5752,3.20,9.60
2009.07.17 15:00:23.235,1.5747,1.5751,9.60,8.00
2009.07.17 15:00:23.625,1.5747,1.57535,6.40,21.80
2009.07.17 15:00:23.865,1.5747,1.5752,6.40,2.20
2009.07.17 15:00:24.145,1.5746,1.5752,6.40,3.80
2009.07.17 15:00:24.495,1.57455,1.57515,7.20,9.60
2009.07.17 15:00:24.845,1.57465,1.57505,3.20,6.40
2009.07.17 15:00:25.185,1.57465,1.5752,3.20,23.00
2009.07.17 15:00:25.524,1.5746,1.5752,6.40,19.80
2009.07.17 15:00:26.804,1.57465,1.5752,3.20,15.00
2009.07.17 15:00:27.794,1.57465,1.57515,5.80,6.40
2009.07.17 15:00:28.204,1.57475,1.57525,3.20,8.60
2009.07.17 15:00:28.854,1.5748,1.57525,3.20,15.00
2009.07.17 15:00:29.194,1.5747,1.57525,3.20,15.00
2009.07.17 15:00:29.553,1.57465,1.57525,9.60,18.20
2009.07.17 15:00:30.263,1.57465,1.5751,9.60,1.60
2009.07.17 15:00:30.943,1.57465,1.5752,3.20,16.60
2009.07.17 15:00:32.013,1.57465,1.5751,9.60,1.60
2009.07.17 15:00:32.473,1.5747,1.5751,3.20,1.60
2009.07.17 15:00:33.333,1.5747,1.57525,3.20,15.00
2009.07.17 15:00:34.302,1.5747,1.57525,3.20,16.60
2009.07.17 15:00:34.582,1.57465,1.5753,17.00,19.80
2009.07.17 15:00:35.152,1.5748,1.57525,3.20,6.40
2009.07.17 15:00:35.542,1.5748,1.57525,9.60,8.00
2009.07.17 15:00:35.602,1.57485,1.57535,6.40,9.60
2009.07.17 15:00:36.182,1.57465,1.57535,3.20,4.80
2009.07.17 15:00:36.761,1.57465,1.57535,11.20,4.80
2009.07.17 15:00:37.392,1.5747,1.5753,3.20,1.60
2009.07.17 15:00:37.561,1.5747,1.5753,10.60,2.20
2009.07.17 15:00:37.801,1.5747,1.5753,4.20,2.20
2009.07.17 15:00:38.252,1.57465,1.5753,3.20,4.80
2009.07.17 15:00:38.831,1.5747,1.5753,3.20,8.00
2009.07.17 15:00:39.181,1.5747,1.5753,3.20,8.60
2009.07.17 15:00:40.011,1.5747,1.5753,3.20,16.00
2009.07.17 15:00:40.461,1.5747,1.57535,3.20,13.40
2009.07.17 15:00:41.031,1.5747,1.57535,4.80,11.80
2009.07.17 15:00:41.321,1.5747,1.57535,12.20,11.80
2009.07.17 15:00:41.491,1.5748,1.57535,3.20,15.00
2009.07.17 15:00:41.891,1.5748,1.5753,3.20,8.00
2009.07.17 15:00:42.240,1.57485,1.5754,6.40,8.60
2009.07.17 15:00:42.540,1.57485,1.57545,6.40,19.80
2009.07.17 15:00:43.150,1.57485,1.5754,6.40,13.80
2009.07.17 15:00:43.550,1.57485,1.5753,9.60,1.60
2009.07.17 15:00:43.840,1.57485,1.57535,9.60,6.40
2009.07.17 15:00:44.470,1.5748,1.5754,9.60,15.00
2009.07.17 15:00:45.150,1.57485,1.5754,6.40,16.60
2009.07.17 15:00:45.840,1.575,1.5753,3.20,1.60
2009.07.17 15:00:46.251,1.57495,1.5753,9.60,1.60
2009.07.17 15:00:46.699,1.57495,1.57555,9.60,10.20
2009.07.17 15:00:46.869,1.575,1.57555,1.00,16.80
2009.07.17 15:00:47.639,1.5749,1.5755,3.60,16.80
2009.07.17 15:00:48.019,1.5749,1.5755,3.60,10.40
2009.07.17 15:00:48.379,1.57485,1.57535,3.20,1.00
2009.07.17 15:00:48.729,1.57475,1.57535,3.60,1.00
2009.07.17 15:00:49.309,1.57475,1.5752,8.20,1.60
2009.07.17 15:00:49.769,1.57475,1.5752,1.00,1.60
2009.07.17 15:00:50.119,1.5747,1.57535,3.20,13.80
2009.07.17 15:00:50.628,1.5747,1.5752,3.20,1.60
2009.07.17 15:00:51.498,1.57485,1.5752,3.20,1.60
2009.07.17 15:00:51.938,1.5747,1.5752,3.20,1.60
2009.07.17 15:00:52.288,1.57475,1.5753,8.00,1.60
2009.07.17 15:00:52.628,1.57455,1.5753,3.20,3.40
2009.07.17 15:00:52.988,1.57465,1.57515,3.20,2.20
2009.07.17 15:00:53.338,1.5745,1.5752,11.60,1.00
2009.07.17 15:00:53.698,1.5746,1.57525,3.20,3.80
2009.07.17 15:00:54.038,1.5746,1.57505,3.20,1.60
2009.07.17 15:00:54.387,1.5746,1.5754,3.20,1.80
2009.07.17 15:00:55.817,1.5747,1.57515,3.20,2.20
2009.07.17 15:00:56.107,1.5746,1.57515,6.40,7.00
2009.07.17 15:00:56.437,1.57455,1.5751,6.60,6.40
2009.07.17 15:00:56.787,1.57455,1.5751,6.60,8.00
2009.07.17 15:00:58.496,1.5746,1.57515,1.00,15.00
2009.07.17 15:00:58.778,1.5746,1.57515,1.00,18.20
2009.07.17 15:00:59.116,1.57455,1.5751,6.60,8.00
2009.07.17 15:01:00.066,1.57455,1.5751,6.60,8.80
2009.07.17 15:01:00.236,1.57455,1.5751,1.00,15.20
2009.07.17 15:01:01.606,1.57455,1.57505,1.00,15.00
2009.07.17 15:01:02.925,1.57455,1.57505,1.00,15.20
2009.07.17 15:01:04.085,1.5747,1.575,3.20,6.40
2009.07.17 15:01:04.385,1.5747,1.57525,3.20,8.60
2009.07.17 15:01:04.565,1.5747,1.57525,3.20,6.40
2009.07.17 15:01:04.685,1.5747,1.5753,3.20,15.20
2009.07.17 15:01:05.355,1.57475,1.57525,3.20,2.20
2009.07.17 15:01:05.525,1.57475,1.5752,3.20,8.60
2009.07.17 15:01:07.874,1.57475,1.57525,3.20,15.20
2009.07.17 15:01:10.543,1.57475,1.57525,3.60,15.20
2009.07.17 15:01:11.173,1.57475,1.5752,3.60,2.20
2009.07.17 15:01:11.283,1.57475,1.5752,3.60,8.60
2009.07.17 15:01:12.443,1.57475,1.5752,1.00,8.60
2009.07.17 15:01:12.553,1.57465,1.57515,6.60,6.60
2009.07.17 15:01:13.173,1.57465,1.5752,10.00,8.60
2009.07.17 15:01:15.162,1.57475,1.5753,3.20,16.80
2009.07.17 15:01:15.452,1.57475,1.5753,3.20,15.20
2009.07.17 15:01:15.922,1.5747,1.5752,3.20,8.60
2009.07.17 15:01:16.433,1.5747,1.5752,3.20,15.20
2009.07.17 15:01:16.782,1.5748,1.5752,3.60,15.00
2009.07.17 15:01:16.962,1.5748,1.5752,3.60,1.60
2009.07.17 15:01:17.254,1.57485,1.5752,1.60,1.60
2009.07.17 15:01:17.662,1.57485,1.57545,8.80,16.00
2009.07.17 15:01:18.014,1.57485,1.5755,8.80,6.40
2009.07.17 15:01:18.422,1.57485,1.57545,1.60,2.20
2009.07.17 15:01:18.772,1.5748,1.5754,7.20,13.80
2009.07.17 15:01:19.362,1.5748,1.57535,3.20,12.80
2009.07.17 15:01:19.702,1.5748,1.5754,3.20,6.60
2009.07.17 15:01:19.881,1.5748,1.57545,3.60,20.20
2009.07.17 15:01:21.051,1.5748,1.5753,3.60,1.60
2009.07.17 15:01:21.611,1.5748,1.57545,3.60,20.20
2009.07.17 15:01:21.891,1.5748,1.5754,3.60,16.20
2009.07.17 15:01:22.701,1.5748,1.5754,4.60,16.20
2009.07.17 15:01:23.221,1.5749,1.57545,1.00,15.20
2009.07.17 15:01:23.510,1.5749,1.57545,1.00,13.00
2009.07.17 15:01:24.270,1.5748,1.5754,11.00,1.00
2009.07.17 15:01:24.550,1.5748,1.5754,11.00,1.80
2009.07.17 15:01:26.020,1.5748,1.5754,12.60,1.80
2009.07.17 15:01:26.260,1.5749,1.5755,3.20,5.20
2009.07.17 15:01:27.010,1.5749,1.5755,3.20,4.80
2009.07.17 15:01:27.299,1.57495,1.57555,3.20,8.80
2009.07.17 15:01:28.549,1.57495,1.5755,3.20,1.80
2009.07.17 15:01:29.539,1.57495,1.57555,3.20,8.80
2009.07.17 15:01:32.578,1.57505,1.57545,3.20,1.00
2009.07.17 15:01:32.638,1.57505,1.5754,3.20,1.80
2009.07.17 15:01:33.448,1.5751,1.5754,3.20,1.80
2009.07.17 15:01:33.998,1.5752,1.5755,3.20,1.60
2009.07.17 15:01:37.947,1.57525,1.5756,3.20,7.20
2009.07.17 15:01:38.357,1.57525,1.5756,3.20,5.00
2009.07.17 15:01:39.077,1.57525,1.5756,3.20,4.80
2009.07.17 15:01:39.587,1.5754,1.5755,3.20,1.60
2009.07.17 15:01:40.008,1.5754,1.5758,3.20,1.62
2009.07.17 15:01:40.186,1.5754,1.5758,3.20,1.62
2009.07.17 15:01:41.016,1.5754,1.5757,3.20,1.60
2009.07.17 15:01:41.536,1.57555,1.5758,3.20,0.42
2009.07.17 15:01:41.816,1.5755,1.5758,3.20,0.42
2009.07.17 15:01:42.106,1.57555,1.5758,3.20,0.42
2009.07.17 15:01:42.636,1.57555,1.5758,3.20,0.42
2009.07.17 15:01:43.106,1.57555,1.5758,3.20,0.42
2009.07.17 15:01:43.395,1.57555,1.5758,3.20,0.42
2009.07.17 15:01:43.736,1.57555,1.5758,3.20,0.42
2009.07.17 15:01:46.905,1.57535,1.5756,3.20,1.60
2009.07.17 15:01:47.794,1.5756,1.5758,3.20,2.02
2009.07.17 15:01:48.134,1.5754,1.5758,3.20,5.42
2009.07.17 15:01:48.484,1.5754,1.5758,3.20,0.42
2009.07.17 15:01:49.004,1.57545,1.5758,3.20,0.42
2009.07.17 15:01:49.334,1.57545,1.5758,3.20,0.42
2009.07.17 15:01:49.624,1.5754,1.5758,8.00,1.42
2009.07.17 15:01:49.964,1.57535,1.5757,3.20,1.60
2009.07.17 15:01:50.364,1.57535,1.5758,3.20,1.42
2009.07.17 15:01:50.484,1.57535,1.5758,3.20,1.42
2009.07.17 15:01:50.764,1.57535,1.5758,3.20,1.42
2009.07.17 15:01:51.354,1.57535,1.57565,3.20,3.20
2009.07.17 15:01:51.945,1.57535,1.57575,3.20,1.60
2009.07.17 15:01:53.943,1.5754,1.5757,3.20,1.60
2009.07.17 15:01:54.293,1.5754,1.5758,3.20,0.42
2009.07.17 15:01:54.823,1.5754,1.5758,3.20,0.42
2009.07.17 15:01:55.283,1.5754,1.5758,3.20,0.42
2009.07.17 15:01:55.623,1.5753,1.5757,6.40,3.20
2009.07.17 15:01:56.432,1.57525,1.5757,6.40,3.20
2009.07.17 15:01:59.082,1.57525,1.5757,13.20,3.20
2009.07.17 15:01:59.382,1.57525,1.5757,20.60,3.20
2009.07.17 15:01:59.902,1.5753,1.5757,6.40,3.20
2009.07.17 15:02:01.051,1.57535,1.5758,6.40,1.62
2009.07.17 15:02:01.501,1.57535,1.5758,6.40,0.42
2009.07.17 15:02:01.621,1.57535,1.5758,6.40,0.42
2009.07.17 15:02:01.951,1.57535,1.5758,6.40,0.42
2009.07.17 15:02:02.361,1.57535,1.5758,6.40,0.42
2009.07.17 15:02:02.531,1.57535,1.5758,6.40,0.42
2009.07.17 15:02:02.711,1.57535,1.5758,6.40,0.42
2009.07.17 15:02:03.001,1.57535,1.5758,6.40,0.42
2009.07.17 15:02:03.271,1.57535,1.5758,6.40,0.42
2009.07.17 15:02:03.631,1.57535,1.5758,6.40,0.42
2009.07.17 15:02:06.150,1.5753,1.5758,9.60,0.42
2009.07.17 15:02:06.440,1.5753,1.5758,9.60,0.42
2009.07.17 15:02:06.720,1.5753,1.5758,9.60,0.42
2009.07.17 15:02:06.950,1.5753,1.5758,9.60,0.42
2009.07.17 15:02:07.401,1.5753,1.5757,9.60,3.20
2009.07.17 15:02:07.910,1.5753,1.5757,6.40,3.20
2009.07.17 15:02:11.089,1.57525,1.5757,6.40,3.20
2009.07.17 15:02:11.499,1.5752,1.5757,3.60,3.20
2009.07.17 15:02:12.229,1.5753,1.5757,3.20,1.60
2009.07.17 15:02:12.569,1.5753,1.5757,3.60,3.20
2009.07.17 15:02:13.248,1.5753,1.5758,3.60,0.42
2009.07.17 15:02:13.848,1.5753,1.5758,3.60,0.42
2009.07.17 15:02:14.428,1.5753,1.5758,3.60,0.42
2009.07.17 15:02:14.768,1.5753,1.5758,3.60,4.62
2009.07.17 15:02:15.328,1.5753,1.5758,3.60,4.62
2009.07.17 15:02:15.658,1.5753,1.5758,3.60,4.62
2009.07.17 15:02:16.008,1.5753,1.5758,3.60,4.62
2009.07.17 15:02:18.967,1.57535,1.5758,6.40,10.00
2009.07.17 15:02:19.317,1.57535,1.5758,3.40,9.80
2009.07.17 15:02:19.787,1.5753,1.5758,3.60,10.00
2009.07.17 15:02:23.366,1.57535,1.5758,6.40,4.62
2009.07.17 15:02:23.716,1.5753,1.5758,3.60,4.62
2009.07.17 15:02:24.226,1.5753,1.5758,3.60,4.62
2009.07.17 15:02:24.566,1.5753,1.5758,3.60,4.62
2009.07.17 15:02:24.856,1.5753,1.5758,3.60,8.62
2009.07.17 15:02:24.975,1.5753,1.5758,3.60,10.00
2009.07.17 15:02:25.306,1.5753,1.5757,1.00,3.20
2009.07.17 15:02:25.725,1.57535,1.57575,3.20,6.60
2009.07.17 15:02:26.316,1.5753,1.5758,9.60,0.42
2009.07.17 15:02:27.005,1.5753,1.5758,3.20,0.42
2009.07.17 15:02:27.305,1.57535,1.5758,3.20,0.42
2009.07.17 15:02:27.765,1.57535,1.5758,6.40,2.42
2009.07.17 15:02:28.176,1.5754,1.5758,3.20,0.42
2009.07.17 15:02:28.705,1.5754,1.5758,3.20,0.42
2009.07.17 15:02:29.215,1.5754,1.5758,3.20,0.42
2009.07.17 15:02:29.665,1.5754,1.5758,3.20,0.42
2009.07.17 15:02:29.725,1.5754,1.5758,3.20,0.42
2009.07.17 15:02:29.955,1.5754,1.5758,3.20,0.42
2009.07.17 15:02:32.464,1.57525,1.5758,6.40,0.42
2009.07.17 15:02:32.864,1.57525,1.5758,3.20,0.42
2009.07.17 15:02:33.354,1.57525,1.5758,3.20,0.42
2009.07.17 15:02:33.654,1.57525,1.5758,3.20,0.42
2009.07.17 15:02:33.984,1.5752,1.57565,9.60,3.20
2009.07.17 15:02:34.573,1.5752,1.57575,9.60,4.80
2009.07.17 15:02:35.083,1.5752,1.5757,9.60,3.20
2009.07.17 15:02:35.593,1.57525,1.5757,6.40,3.20
2009.07.17 15:02:36.063,1.57525,1.5757,3.20,3.20
2009.07.17 15:02:36.453,1.57525,1.5757,6.80,3.20
2009.07.17 15:02:37.033,1.57525,1.5757,13.20,3.20
2009.07.17 15:02:37.823,1.57525,1.5757,12.80,3.20
2009.07.17 15:02:39.402,1.57525,1.5757,13.20,3.20
2009.07.17 15:02:39.692,1.5753,1.5757,3.20,3.20
2009.07.17 15:02:40.022,1.5753,1.5758,3.20,6.62
2009.07.17 15:02:40.422,1.5753,1.5758,3.20,5.62
2009.07.17 15:02:40.602,1.5753,1.5758,3.20,0.62
2009.07.17 15:02:40.882,1.5753,1.5758,3.20,0.62
2009.07.17 15:02:41.282,1.5753,1.5758,3.20,0.62
2009.07.17 15:02:41.572,1.5753,1.5758,3.20,0.62
2009.07.17 15:02:41.741,1.5753,1.5758,3.20,0.62
2009.07.17 15:02:42.032,1.57525,1.57575,6.60,8.60
2009.07.17 15:02:42.422,1.5752,1.5757,3.20,3.40
2009.07.17 15:02:42.771,1.5752,1.5756,9.60,1.60
2009.07.17 15:02:43.401,1.5752,1.57565,9.60,1.00
2009.07.17 15:02:44.031,1.57525,1.5757,3.20,3.20
2009.07.17 15:02:44.371,1.5753,1.5758,10.00,1.62
2009.07.17 15:02:44.901,1.5753,1.5758,10.00,1.62
2009.07.17 15:02:45.371,1.5753,1.5758,10.00,1.62
2009.07.17 15:02:45.941,1.5754,1.5758,10.00,0.42
2009.07.17 15:02:46.341,1.5754,1.5758,17.40,0.42
2009.07.17 15:02:46.680,1.57545,1.5758,6.40,0.42
2009.07.17 15:02:46.860,1.57555,1.5758,3.20,0.42
2009.07.17 15:02:47.100,1.57565,1.5758,3.20,0.42
2009.07.17 15:02:47.330,1.5753,1.5758,10.00,0.42
2009.07.17 15:02:47.790,1.5753,1.5758,10.00,0.42
2009.07.17 15:02:48.020,1.57535,1.5758,6.40,0.42
2009.07.17 15:02:48.320,1.57535,1.5758,6.40,0.42
2009.07.17 15:02:48.841,1.57545,1.5758,6.40,0.42
2009.07.17 15:02:49.120,1.57545,1.5758,6.40,0.42
2009.07.17 15:02:49.420,1.57545,1.5758,9.60,0.42
2009.07.17 15:02:49.929,1.57545,1.5758,3.20,0.42
2009.07.17 15:02:50.450,1.57545,1.5758,3.20,0.42
2009.07.17 15:02:50.630,1.57545,1.5758,3.60,0.42
2009.07.17 15:02:50.790,1.57545,1.5758,3.60,0.42
2009.07.17 15:02:51.129,1.57545,1.5758,3.60,0.42
2009.07.17 15:02:51.849,1.57545,1.5758,3.60,0.42
2009.07.17 15:02:52.379,1.5754,1.5758,17.40,0.42
2009.07.17 15:02:52.669,1.5754,1.5758,11.00,0.42
2009.07.17 15:02:52.949,1.5754,1.5758,11.00,0.42
2009.07.17 15:02:53.179,1.5754,1.5758,11.00,0.42
2009.07.17 15:02:53.629,1.57545,1.5758,3.20,0.42
2009.07.17 15:02:54.149,1.57555,1.5758,3.60,0.42
2009.07.17 15:02:54.538,1.57545,1.5758,3.20,0.42
2009.07.17 15:02:55.039,1.57545,1.5758,3.20,0.42
2009.07.17 15:02:55.448,1.57555,1.5758,3.20,0.42
2009.07.17 15:02:55.948,1.57555,1.5758,3.20,0.42
2009.07.17 15:02:56.328,1.57545,1.5758,4.20,0.42
2009.07.17 15:02:56.768,1.57545,1.5758,4.20,0.42
2009.07.17 15:02:56.948,1.57545,1.5758,4.20,0.42
2009.07.17 15:02:57.168,1.57545,1.5758,4.20,0.42
2009.07.17 15:02:57.527,1.57545,1.5758,4.20,0.42
2009.07.17 15:02:57.758,1.57545,1.5758,4.20,0.42
2009.07.17 15:02:58.218,1.57545,1.5758,6.40,0.42
2009.07.17 15:02:58.788,1.5754,1.5758,6.40,2.42
2009.07.17 15:02:59.299,1.57545,1.5758,6.40,0.42
2009.07.17 15:02:59.817,1.57545,1.5758,6.40,0.42
2009.07.17 15:03:00.207,1.57535,1.5758,13.60,0.42
2009.07.17 15:03:00.547,1.57535,1.5758,6.40,0.42
2009.07.17 15:03:01.067,1.5752,1.5758,3.60,0.42
2009.07.17 15:03:01.247,1.5752,1.5758,3.60,0.42
2009.07.17 15:03:01.957,1.5752,1.5758,3.60,0.42
2009.07.17 15:03:02.187,1.5752,1.5758,3.60,0.42
2009.07.17 15:03:02.647,1.5752,1.5758,3.60,0.42
2009.07.17 15:03:03.007,1.5753,1.5758,3.20,1.42
2009.07.17 15:03:03.446,1.5753,1.5758,1.00,2.42
2009.07.17 15:03:03.786,1.57525,1.5758,10.00,2.62
2009.07.17 15:03:04.366,1.57525,1.5758,3.60,4.00
2009.07.17 15:03:04.956,1.5753,1.5758,1.00,4.00
2009.07.17 15:03:05.456,1.57525,1.57575,3.60,1.00
2009.07.17 15:03:06.476,1.57535,1.5758,3.20,3.80
2009.07.17 15:03:06.655,1.5753,1.5757,3.60,3.20
2009.07.17 15:03:06.996,1.57525,1.5757,3.20,16.20
2009.07.17 15:03:07.346,1.5752,1.5757,3.20,3.40
2009.07.17 15:03:07.698,1.57525,1.5757,3.20,3.40
2009.07.17 15:03:08.056,1.57515,1.57575,10.00,2.20
2009.07.17 15:03:09.565,1.57515,1.57575,6.60,3.80
2009.07.17 15:03:09.855,1.5751,1.57575,3.20,1.80
2009.07.17 15:03:10.645,1.5752,1.5758,3.20,12.10
2009.07.17 15:03:11.115,1.57525,1.5758,6.40,12.00
2009.07.17 15:03:11.754,1.57525,1.5758,6.40,8.00
2009.07.17 15:03:12.224,1.5753,1.5758,9.60,2.62
2009.07.17 15:03:12.694,1.57535,1.5758,3.20,2.62
2009.07.17 15:03:13.094,1.57535,1.5757,3.20,1.60
2009.07.17 15:03:13.494,1.5753,1.57565,6.40,3.20
2009.07.17 15:03:13.904,1.57515,1.57575,3.20,2.20
2009.07.17 15:03:14.204,1.5751,1.5756,15.20,3.20
2009.07.17 15:03:14.494,1.57505,1.5756,3.20,3.20
2009.07.17 15:03:15.084,1.575,1.5756,18.00,3.20
2009.07.17 15:03:15.414,1.5751,1.5755,3.20,1.60
2009.07.17 15:03:15.923,1.5752,1.5758,3.20,0.62
2009.07.17 15:03:16.153,1.5753,1.5758,3.20,0.42
2009.07.17 15:03:16.393,1.5753,1.5758,3.20,0.42
2009.07.17 15:03:16.623,1.5753,1.5758,3.20,0.42
2009.07.17 15:03:16.903,1.57525,1.5758,3.20,1.80
2009.07.17 15:03:17.143,1.57525,1.57575,3.20,1.00
2009.07.17 15:03:17.953,1.5752,1.57565,3.20,1.00
2009.07.17 15:03:18.003,1.57525,1.57565,3.20,1.00
2009.07.17 15:03:18.533,1.5752,1.57575,3.20,8.20
2009.07.17 15:03:19.394,1.5752,1.57575,3.20,1.00
2009.07.17 15:03:19.692,1.5752,1.5757,3.20,1.00
2009.07.17 15:03:20.563,1.5752,1.57575,3.20,1.00
2009.07.17 15:03:21.252,1.5751,1.5756,16.80,4.80
2009.07.17 15:03:21.492,1.5751,1.5756,16.00,4.80
2009.07.17 15:03:21.662,1.57515,1.57545,6.40,1.60
2009.07.17 15:03:22.182,1.575,1.5758,3.20,13.20
2009.07.17 15:03:22.512,1.575,1.5758,3.20,5.20
2009.07.17 15:03:26.191,1.57505,1.5757,3.20,1.80
2009.07.17 15:03:28.051,1.57505,1.5757,3.20,8.20
2009.07.17 15:03:28.220,1.57505,1.57575,3.20,4.80
2009.07.17 15:03:28.630,1.575,1.57565,11.00,4.80
2009.07.17 15:03:28.810,1.575,1.57565,17.40,8.00
2009.07.17 15:03:29.260,1.575,1.57565,19.00,6.40
2009.07.17 15:03:29.560,1.57505,1.57575,3.20,12.80
2009.07.17 15:03:29.910,1.57505,1.57575,3.20,4.80
2009.07.17 15:03:30.440,1.57505,1.5757,3.20,1.60
2009.07.17 15:03:30.780,1.57505,1.5757,3.20,1.80
2009.07.17 15:03:31.190,1.575,1.5757,3.60,5.20
2009.07.17 15:03:31.362,1.57495,1.5756,11.20,4.80
2009.07.17 15:03:31.650,1.57495,1.5756,3.60,4.80
2009.07.17 15:03:32.320,1.57495,1.57555,3.60,1.60
2009.07.17 15:03:32.779,1.575,1.5756,3.20,1.60
2009.07.17 15:03:33.009,1.575,1.5756,3.60,1.60
2009.07.17 15:03:37.168,1.575,1.57555,3.60,3.20
2009.07.17 15:03:37.448,1.575,1.57555,1.00,4.80
2009.07.17 15:03:37.838,1.575,1.57555,3.20,1.60
2009.07.17 15:03:38.178,1.57505,1.5755,3.20,11.80
2009.07.17 15:03:38.588,1.57495,1.5755,1.00,11.80
2009.07.17 15:03:38.888,1.5749,1.5754,6.80,2.20
2009.07.17 15:03:39.927,1.57495,1.5754,1.00,2.20
2009.07.17 15:03:40.447,1.57495,1.5754,1.00,9.60
2009.07.17 15:03:40.897,1.5749,1.57545,6.40,2.20
2009.07.17 15:03:41.297,1.5749,1.57545,3.20,8.20
2009.07.17 15:03:41.947,1.5749,1.57545,3.20,1.00
2009.07.17 15:03:42.987,1.57495,1.5755,3.20,8.00
2009.07.17 15:03:43.337,1.5749,1.57545,3.20,1.00
2009.07.17 15:03:44.376,1.5751,1.57555,3.20,15.00
2009.07.17 15:03:44.656,1.5751,1.5755,3.20,19.20
2009.07.17 15:03:44.886,1.5749,1.5755,8.00,6.40
2009.07.17 15:03:45.446,1.5749,1.5755,10.60,6.40
2009.07.17 15:03:46.256,1.5749,1.5755,3.20,6.40
2009.07.17 15:03:46.366,1.57485,1.5754,15.60,1.60
2009.07.17 15:03:46.656,1.57485,1.57545,6.60,4.80
2009.07.17 15:03:47.016,1.5749,1.57545,3.20,1.60
2009.07.17 15:03:47.356,1.5749,1.5755,3.20,13.60
2009.07.17 15:03:47.776,1.5749,1.5755,3.20,3.40
2009.07.17 15:03:48.116,1.57485,1.57545,7.20,5.20
2009.07.17 15:03:48.176,1.57485,1.57545,6.40,5.20
2009.07.17 15:03:48.745,1.5748,1.57545,3.20,5.20
2009.07.17 15:03:49.366,1.57505,1.5755,3.20,4.80
2009.07.17 15:03:49.705,1.57475,1.5755,11.20,9.60
2009.07.17 15:03:50.055,1.57475,1.5755,3.20,9.60
2009.07.17 15:03:51.515,1.5749,1.5755,3.20,10.00
2009.07.17 15:03:52.984,1.57495,1.5755,1.20,8.40
2009.07.17 15:03:53.324,1.57495,1.5755,10.60,4.80
2009.07.17 15:03:53.714,1.575,1.5754,3.20,1.60
2009.07.17 15:03:54.234,1.57495,1.57555,3.20,1.60
2009.07.17 15:03:55.684,1.575,1.5756,3.20,3.40
2009.07.17 15:03:56.034,1.575,1.5756,3.20,18.40
2009.07.17 15:03:56.444,1.575,1.5756,3.20,12.00
2009.07.17 15:03:56.774,1.57495,1.5755,10.60,3.40
2009.07.17 15:03:57.483,1.57495,1.5755,16.00,3.40
2009.07.17 15:03:57.833,1.575,1.5755,6.40,3.40
2009.07.17 15:03:58.183,1.57495,1.5755,3.20,5.00
2009.07.17 15:03:58.413,1.57495,1.5755,3.20,3.40
2009.07.17 15:03:58.643,1.57495,1.5755,3.60,3.40
2009.07.17 15:03:59.423,1.57505,1.5755,3.20,3.20
2009.07.17 15:04:00.573,1.57495,1.5754,3.20,3.20
2009.07.17 15:04:00.864,1.57495,1.5754,6.40,3.20
2009.07.17 15:04:01.332,1.575,1.5754,1.00,4.80
2009.07.17 15:04:01.622,1.57505,1.5754,3.20,1.60
2009.07.17 15:04:01.962,1.57505,1.57555,3.20,8.00
2009.07.17 15:04:02.322,1.57505,1.5757,3.20,3.40
2009.07.17 15:04:03.762,1.575,1.57555,3.20,3.20
2009.07.17 15:04:04.272,1.5751,1.5754,3.60,1.60
2009.07.17 15:04:04.793,1.5751,1.5755,3.20,1.00
2009.07.17 15:04:05.372,1.5751,1.57555,3.60,3.20
2009.07.17 15:04:05.762,1.5751,1.5755,1.00,1.60
2009.07.17 15:04:06.161,1.5751,1.57565,1.00,5.00
2009.07.17 15:04:06.281,1.57505,1.57565,3.60,4.80
2009.07.17 15:04:07.311,1.57505,1.57555,3.60,3.20
2009.07.17 15:04:07.661,1.57505,1.57555,1.00,3.20
2009.07.17 15:04:07.781,1.57505,1.5756,1.00,3.20
2009.07.17 15:04:08.011,1.57505,1.57565,3.60,4.80
2009.07.17 15:04:08.241,1.57505,1.5755,3.60,1.60
2009.07.17 15:04:09.910,1.57505,1.5756,3.60,3.20
2009.07.17 15:04:10.380,1.575,1.5755,3.60,1.80
2009.07.17 15:04:10.900,1.57505,1.5754,3.20,1.60
2009.07.17 15:04:11.590,1.5751,1.57565,3.60,1.80
2009.07.17 15:04:11.760,1.57515,1.5757,1.00,3.20
2009.07.17 15:04:12.760,1.57505,1.5756,6.40,1.00
2009.07.17 15:04:13.160,1.5751,1.5756,3.60,1.80
2009.07.17 15:04:13.389,1.57515,1.5755,1.00,1.60
2009.07.17 15:04:14.459,1.57505,1.5756,3.20,1.80
2009.07.17 15:04:14.699,1.5751,1.5755,1.00,1.60
2009.07.17 15:04:16.029,1.575,1.5756,3.60,5.20
2009.07.17 15:04:16.369,1.57505,1.5756,3.20,1.80
2009.07.17 15:04:16.709,1.57505,1.57545,3.20,1.60
2009.07.17 15:04:16.939,1.5751,1.57555,1.00,1.60
2009.07.17 15:04:19.138,1.57505,1.5756,3.20,1.80
2009.07.17 15:04:20.008,1.575,1.57555,3.60,3.20
2009.07.17 15:04:20.398,1.575,1.5755,3.60,1.80
2009.07.17 15:04:24.217,1.57495,1.57565,3.20,6.80
2009.07.17 15:04:26.056,1.57495,1.5756,3.60,6.40
2009.07.17 15:04:26.116,1.57495,1.5756,3.60,4.80
2009.07.17 15:04:26.716,1.5749,1.5755,11.60,4.80
2009.07.17 15:04:27.117,1.5749,1.5755,11.60,8.00
2009.07.17 15:04:27.406,1.5749,1.5755,3.60,8.00
2009.07.17 15:04:29.046,1.5749,1.57545,1.00,4.80
2009.07.17 15:04:29.376,1.5749,1.5755,3.20,8.00
2009.07.17 15:04:29.645,1.5749,1.5755,3.20,8.40
2009.07.17 15:04:31.415,1.5749,1.5755,3.20,10.00
2009.07.17 15:04:31.945,1.5749,1.57545,3.20,1.60
2009.07.17 15:04:32.065,1.57485,1.5754,1.00,3.20
2009.07.17 15:04:32.175,1.57485,1.5754,1.00,4.80
2009.07.17 15:04:33.685,1.57485,1.5754,1.00,5.00
2009.07.17 15:04:34.025,1.5749,1.5754,6.40,5.00
2009.07.17 15:04:36.814,1.5749,1.5754,6.80,4.80
2009.07.17 15:04:37.573,1.5749,1.5753,6.80,1.60
2009.07.17 15:04:37.923,1.5749,1.5752,1.00,3.20
2009.07.17 15:04:38.103,1.5748,1.5752,3.20,4.80
2009.07.17 15:04:38.283,1.5748,1.5752,6.40,1.60
2009.07.17 15:04:38.923,1.5748,1.57545,6.40,5.00
2009.07.17 15:04:39.493,1.5748,1.57535,6.40,1.60
2009.07.17 15:04:40.473,1.5748,1.5754,6.80,5.00
2009.07.17 15:04:41.613,1.5748,1.5753,6.80,1.60
2009.07.17 15:04:41.913,1.5748,1.5753,6.40,1.60
2009.07.17 15:04:41.963,1.5748,1.57525,3.20,3.20
2009.07.17 15:04:42.023,1.57475,1.5752,3.20,3.20
2009.07.17 15:04:42.382,1.57475,1.5752,3.20,4.80
2009.07.17 15:04:42.782,1.57475,1.5752,3.40,4.80
2009.07.17 15:04:43.002,1.57475,1.5753,3.60,1.60
2009.07.17 15:04:43.462,1.57475,1.5754,3.20,10.00
2009.07.17 15:04:43.982,1.57475,1.5754,3.20,8.40
2009.07.17 15:04:44.472,1.5748,1.5753,3.20,1.60
2009.07.17 15:04:44.712,1.5748,1.57545,3.20,4.80
2009.07.17 15:04:45.702,1.5749,1.5754,3.20,1.60
2009.07.17 15:04:46.612,1.5748,1.57525,4.80,3.20
2009.07.17 15:04:47.021,1.57485,1.57505,14.40,1.60
2009.07.17 15:04:47.371,1.57495,1.57535,4.80,8.00
2009.07.17 15:04:47.711,1.5751,1.57565,3.20,8.00
2009.07.17 15:04:48.051,1.57505,1.57565,1.60,8.00
2009.07.17 15:04:48.684,1.575,1.5758,3.20,8.40
2009.07.17 15:04:49.021,1.57515,1.57575,3.20,1.80
2009.07.17 15:04:49.371,1.57515,1.57575,3.20,1.60
2009.07.17 15:04:49.871,1.57515,1.5756,3.20,1.60
2009.07.17 15:04:50.281,1.5751,1.5756,8.00,1.60
2009.07.17 15:04:50.761,1.57505,1.5755,3.20,1.60
2009.07.17 15:04:51.980,1.57495,1.5756,3.20,6.40
2009.07.17 15:04:52.790,1.57495,1.57545,3.20,3.20
2009.07.17 15:04:53.480,1.575,1.57545,3.20,3.40
2009.07.17 15:04:54.130,1.575,1.57545,3.20,8.40
2009.07.17 15:04:54.480,1.575,1.57535,3.20,1.00
2009.07.17 15:04:54.839,1.575,1.5753,3.20,1.60
2009.07.17 15:04:55.199,1.575,1.57545,3.20,3.40
2009.07.17 15:04:57.301,1.575,1.57545,3.20,5.00
2009.07.17 15:04:57.769,1.575,1.57535,3.20,1.00
2009.07.17 15:04:58.069,1.575,1.57535,3.20,1.80
2009.07.17 15:04:58.419,1.57465,1.5752,3.20,3.20
2009.07.17 15:04:58.819,1.57475,1.5752,6.80,1.60
2009.07.17 15:04:59.389,1.57475,1.5756,6.40,1.80
2009.07.17 15:04:59.738,1.5749,1.5754,1.00,1.60
2009.07.17 15:05:03.657,1.5749,1.5753,1.00,1.60
2009.07.17 15:05:04.148,1.57485,1.5754,3.20,1.80
2009.07.17 15:05:05.007,1.5748,1.5753,3.60,1.80
2009.07.17 15:05:05.467,1.57485,1.5754,3.20,1.80
2009.07.17 15:05:06.077,1.57485,1.5754,6.40,1.80
2009.07.17 15:05:09.186,1.57485,1.5753,3.20,1.80
2009.07.17 15:05:09.486,1.57485,1.5752,3.20,1.60
2009.07.17 15:05:09.936,1.57485,1.57545,6.40,1.80
2009.07.17 15:05:11.206,1.5749,1.5754,1.00,1.80
2009.07.17 15:05:11.616,1.5749,1.5754,3.60,1.80
2009.07.17 15:05:13.105,1.57495,1.5753,3.20,1.60
2009.07.17 15:05:13.575,1.575,1.5753,6.80,1.60
2009.07.17 15:05:14.035,1.575,1.57555,1.00,1.80
2009.07.17 15:05:14.565,1.5749,1.57555,3.60,5.20
2009.07.17 15:05:15.095,1.5749,1.57535,3.20,1.60
2009.07.17 15:05:15.664,1.5749,1.57555,3.20,6.80
2009.07.17 15:05:17.044,1.5749,1.5754,3.20,3.20
2009.07.17 15:05:17.154,1.57495,1.5753,3.20,1.60
2009.07.17 15:05:17.494,1.5748,1.5753,3.20,1.60
2009.07.17 15:05:18.284,1.5748,1.57545,3.20,16.00
2009.07.17 15:05:18.394,1.5748,1.5753,3.20,1.60
2009.07.17 15:05:18.734,1.5748,1.57535,3.20,1.80
2009.07.17 15:05:19.273,1.5747,1.5753,3.20,3.20
2009.07.17 15:05:19.674,1.57465,1.5753,3.20,4.80
2009.07.17 15:05:25.162,1.5748,1.5754,3.20,1.80
2009.07.17 15:05:25.562,1.5748,1.5753,3.20,1.60
2009.07.17 15:05:27.382,1.5747,1.57515,3.20,3.20
2009.07.17 15:05:27.732,1.57475,1.5752,3.20,5.00
2009.07.17 15:05:28.442,1.57475,1.5752,3.20,4.80
2009.07.17 15:05:29.131,1.57485,1.5751,3.20,1.60
2009.07.17 15:05:30.091,1.57485,1.57535,3.20,5.00
2009.07.17 15:05:30.661,1.5745,1.5752,3.60,3.20
2009.07.17 15:05:31.001,1.57455,1.57515,3.20,1.60
2009.07.17 15:05:31.571,1.57465,1.5752,3.20,1.60
2009.07.17 15:05:32.570,1.57465,1.5752,3.20,1.80
2009.07.17 15:05:35.999,1.57475,1.5752,1.60,1.60
2009.07.17 15:05:36.289,1.57485,1.5752,3.20,1.60
2009.07.17 15:05:36.759,1.57485,1.57545,3.20,9.60
2009.07.17 15:05:37.039,1.57485,1.57545,3.20,1.60
2009.07.17 15:05:37.889,1.57485,1.5755,3.20,3.40
2009.07.17 15:05:38.169,1.57485,1.5755,4.80,1.80
2009.07.17 15:05:38.459,1.5748,1.57545,3.20,8.40
2009.07.17 15:05:38.849,1.5748,1.5753,3.20,1.60
2009.07.17 15:05:43.268,1.57475,1.5753,3.20,1.60
2009.07.17 15:05:44.068,1.5748,1.5753,3.20,1.60
2009.07.17 15:05:44.307,1.5748,1.5754,3.20,9.80
2009.07.17 15:05:44.598,1.5748,1.5754,3.20,1.80
2009.07.17 15:05:45.158,1.5747,1.57535,6.40,1.80
2009.07.17 15:05:45.678,1.57465,1.5753,3.20,8.00
2009.07.17 15:05:45.977,1.57465,1.5753,3.20,9.60
2009.07.17 15:05:46.737,1.57465,1.5753,3.20,10.00
2009.07.17 15:05:47.777,1.5748,1.5753,8.00,10.00
2009.07.17 15:05:48.457,1.5748,1.5752,8.00,1.60
2009.07.17 15:05:49.986,1.5748,1.57525,8.00,1.80
2009.07.17 15:05:50.106,1.5748,1.5752,8.00,1.60
2009.07.17 15:05:50.506,1.57475,1.5752,8.00,1.60
2009.07.17 15:05:50.676,1.57475,1.5752,8.00,1.80
2009.07.17 15:05:54.157,1.57475,1.57535,19.20,1.80
2009.07.17 15:05:54.495,1.5748,1.5753,8.00,1.60
2009.07.17 15:05:57.444,1.57485,1.5753,8.00,1.60
2009.07.17 15:05:58.385,1.57485,1.5753,11.20,1.60
2009.07.17 15:05:58.674,1.57485,1.5754,3.20,1.60
2009.07.17 15:06:04.643,1.57475,1.5754,3.20,1.60
2009.07.17 15:06:04.873,1.5747,1.57535,3.20,3.20
2009.07.17 15:06:05.773,1.5746,1.5752,8.00,3.20
2009.07.17 15:06:05.832,1.5746,1.5752,8.00,4.80
2009.07.17 15:06:06.482,1.57455,1.5752,3.20,3.20
2009.07.17 15:06:07.042,1.57455,1.5751,3.20,1.60
2009.07.17 15:06:10.881,1.57465,1.5751,1.60,1.60
2009.07.17 15:06:11.351,1.5747,1.57525,3.20,8.00
2009.07.17 15:06:11.871,1.5747,1.57525,3.20,16.00
2009.07.17 15:06:12.441,1.5747,1.5753,3.20,8.20
2009.07.17 15:06:15.610,1.5747,1.5753,3.20,1.00
2009.07.17 15:06:15.940,1.5747,1.5753,3.20,1.80
2009.07.17 15:06:16.290,1.5747,1.5753,3.20,1.00
2009.07.17 15:06:17.579,1.5746,1.5753,3.20,1.80
2009.07.17 15:06:18.260,1.57465,1.5752,3.20,1.60
2009.07.17 15:06:19.690,1.57455,1.5751,3.20,1.00
2009.07.17 15:06:19.969,1.57455,1.57515,3.60,1.00
2009.07.17 15:06:20.559,1.5746,1.5751,3.20,1.60
2009.07.17 15:06:20.909,1.5746,1.5752,3.20,9.60
2009.07.17 15:06:21.019,1.5746,1.5751,3.20,1.60
2009.07.17 15:06:23.018,1.57465,1.5752,3.20,8.60
2009.07.17 15:06:24.318,1.5749,1.5752,3.20,2.20
2009.07.17 15:06:24.788,1.5747,1.57525,11.20,8.00
2009.07.17 15:06:25.018,1.5748,1.5755,3.20,11.80
2009.07.17 15:06:25.657,1.57485,1.5755,9.60,23.40
2009.07.17 15:06:25.778,1.5748,1.5755,3.20,17.00
2009.07.17 15:06:27.107,1.5748,1.5754,3.20,10.40
2009.07.17 15:06:27.447,1.57475,1.5754,6.40,21.20
2009.07.17 15:06:27.567,1.57475,1.57535,3.20,8.00
2009.07.17 15:06:30.567,1.5748,1.5754,3.20,8.80
2009.07.17 15:06:31.006,1.5748,1.5754,3.20,2.40
2009.07.17 15:06:31.826,1.5748,1.5753,3.20,3.40
2009.07.17 15:06:32.146,1.57475,1.5753,14.40,3.40
2009.07.17 15:06:32.506,1.57485,1.57535,12.80,3.40
2009.07.17 15:06:35.815,1.5748,1.5753,1.00,3.20
2009.07.17 15:06:36.575,1.5748,1.5752,3.60,1.60
2009.07.17 15:06:36.925,1.5748,1.57545,3.60,10.40
2009.07.17 15:06:39.644,1.5748,1.5753,3.60,3.20
2009.07.17 15:06:39.884,1.5748,1.5753,1.00,3.20
2009.07.17 15:06:39.944,1.5748,1.5753,1.00,3.40
2009.07.17 15:06:40.294,1.5748,1.5753,6.60,5.00
2009.07.17 15:06:41.964,1.5747,1.5753,3.60,5.00
2009.07.17 15:06:42.853,1.5747,1.5752,3.20,1.60
2009.07.17 15:06:43.373,1.57495,1.5752,3.20,1.60
2009.07.17 15:06:43.943,1.5749,1.5752,3.20,1.60
2009.07.17 15:06:44.453,1.57505,1.57565,3.20,8.60
2009.07.17 15:06:44.623,1.57505,1.5757,9.60,1.80
2009.07.17 15:06:45.203,1.5751,1.5756,3.20,1.60
2009.07.17 15:06:45.603,1.5751,1.57565,3.20,8.60
2009.07.17 15:06:46.593,1.57505,1.57565,12.80,8.60
2009.07.17 15:06:47.462,1.5751,1.57565,6.40,6.40
2009.07.17 15:06:47.872,1.5751,1.5757,9.60,10.40
2009.07.17 15:06:48.142,1.5751,1.57555,3.20,1.60
2009.07.17 15:06:50.781,1.5751,1.5755,3.60,1.60
2009.07.17 15:06:52.801,1.57505,1.5755,11.60,1.60
2009.07.17 15:06:52.971,1.57505,1.5755,10.00,1.60
2009.07.17 15:06:53.791,1.575,1.5756,6.80,18.20
2009.07.17 15:06:54.361,1.57515,1.5756,3.20,13.40
2009.07.17 15:06:54.821,1.5752,1.5755,1.60,1.60
2009.07.17 15:06:55.232,1.57535,1.5758,3.20,1.42
2009.07.17 15:06:58.170,1.5755,1.57575,6.40,3.20
2009.07.17 15:06:58.560,1.5755,1.57575,8.00,3.20
2009.07.17 15:06:58.900,1.5751,1.57575,3.20,3.20
2009.07.17 15:06:59.230,1.57515,1.57575,3.60,3.20
2009.07.17 15:07:00.199,1.5753,1.57575,6.40,3.20
2009.07.17 15:07:01.879,1.5753,1.57575,6.80,3.20
2009.07.17 15:07:03.089,1.5753,1.5757,6.80,1.60
2009.07.17 15:07:03.378,1.5754,1.5757,3.20,1.60
2009.07.17 15:07:03.898,1.5754,1.5758,3.20,0.42
2009.07.17 15:07:04.198,1.5754,1.5758,3.20,0.42
2009.07.17 15:07:04.248,1.5754,1.5758,3.20,0.42
2009.07.17 15:07:05.008,1.5753,1.5758,3.20,0.42
2009.07.17 15:07:05.178,1.5753,1.5758,3.20,0.42
2009.07.17 15:07:05.568,1.5754,1.5758,3.20,0.42
2009.07.17 15:07:05.738,1.5754,1.5758,3.20,0.42
2009.07.17 15:07:05.918,1.5754,1.5758,3.20,0.42
2009.07.17 15:07:06.258,1.5754,1.5758,3.20,0.42
2009.07.17 15:07:06.498,1.5754,1.5758,3.20,0.42
2009.07.17 15:07:06.908,1.5754,1.5758,3.20,0.42
2009.07.17 15:07:07.358,1.5754,1.5758,3.20,0.42
2009.07.17 15:07:07.477,1.5754,1.5758,3.20,0.42
2009.07.17 15:07:07.597,1.57555,1.5758,1.60,1.42
2009.07.17 15:07:07.937,1.5757,1.5758,3.20,1.42
2009.07.17 15:07:08.297,1.5756,1.5758,6.40,0.42
2009.07.17 15:07:08.477,1.5756,1.5758,6.40,0.42
2009.07.17 15:07:08.827,1.5756,1.5758,6.40,0.42
2009.07.17 15:07:09.537,1.5756,1.5758,6.40,0.42
2009.07.17 15:07:09.647,1.5756,1.5758,6.40,0.42
2009.07.17 15:07:10.057,1.5756,1.5758,6.40,0.42
2009.07.17 15:07:10.177,1.5757,1.5758,3.20,0.42
2009.07.17 15:07:10.457,1.5757,1.5758,3.20,0.42
2009.07.17 15:07:10.617,1.5757,1.5758,3.20,0.42
2009.07.17 15:07:10.917,1.5757,1.5758,3.20,0.42
2009.07.17 15:07:11.616,1.5757,1.5758,3.20,0.42
2009.07.17 15:07:12.067,1.5757,1.5758,3.20,0.42
2009.07.17 15:07:12.177,1.5757,1.5758,3.20,0.42
2009.07.17 15:07:12.466,1.5757,1.5758,3.20,0.42
2009.07.17 15:07:12.576,1.5757,1.5758,3.20,0.42
2009.07.17 15:07:12.876,1.5757,1.5758,3.20,0.42
2009.07.17 15:07:13.106,1.57535,1.5758,11.20,0.42
2009.07.17 15:07:13.156,1.57535,1.5758,11.20,0.42
2009.07.17 15:07:13.606,1.57535,1.5758,3.20,0.42
2009.07.17 15:07:13.846,1.57535,1.5758,3.20,0.42
2009.07.17 15:07:14.076,1.57535,1.5758,3.20,0.42
2009.07.17 15:07:14.376,1.57545,1.5758,3.20,0.42
2009.07.17 15:07:14.666,1.5754,1.5758,3.20,0.42
2009.07.17 15:07:15.185,1.5754,1.5758,3.20,0.42
2009.07.17 15:07:15.475,1.5754,1.5758,3.60,0.42
2009.07.17 15:07:15.705,1.5754,1.5758,3.60,0.42
2009.07.17 15:07:16.155,1.5754,1.5758,3.60,0.42
2009.07.17 15:07:16.375,1.5754,1.5758,3.60,0.42
2009.07.17 15:07:16.715,1.5754,1.5758,3.20,0.42
2009.07.17 15:07:16.955,1.5754,1.5758,3.20,0.42
2009.07.17 15:07:17.195,1.5754,1.5758,3.20,0.42
2009.07.17 15:07:17.535,1.5754,1.5758,3.20,0.42
2009.07.17 15:07:17.815,1.5754,1.5758,3.20,0.42
2009.07.17 15:07:17.925,1.5754,1.5758,3.20,0.42
2009.07.17 15:07:18.245,1.5754,1.5758,3.20,0.42
2009.07.17 15:07:18.645,1.5754,1.5758,3.20,0.42
2009.07.17 15:07:19.066,1.57555,1.5758,3.20,0.42
2009.07.17 15:07:19.415,1.57555,1.5758,3.20,0.42
2009.07.17 15:07:19.765,1.57555,1.5758,3.20,0.42
2009.07.17 15:07:20.115,1.5755,1.5758,6.40,0.42
2009.07.17 15:07:20.464,1.5755,1.5758,6.40,0.42
2009.07.17 15:07:20.806,1.5755,1.5758,6.40,0.42
2009.07.17 15:07:21.204,1.57555,1.5758,1.60,0.42
2009.07.17 15:07:21.566,1.57565,1.5758,3.20,0.42
2009.07.17 15:07:22.084,1.5755,1.5758,3.20,0.42
2009.07.17 15:07:22.594,1.57545,1.5758,20.60,0.42
2009.07.17 15:07:23.174,1.57545,1.5758,13.20,0.42
2009.07.17 15:07:23.234,1.57545,1.5758,13.20,0.42
2009.07.17 15:07:23.873,1.57545,1.5758,13.20,1.42
2009.07.17 15:07:24.304,1.5753,1.57575,22.40,3.20
2009.07.17 15:07:24.903,1.57535,1.5758,3.20,1.42
2009.07.17 15:07:25.253,1.57535,1.5758,3.20,0.42
2009.07.17 15:07:25.423,1.57535,1.5758,3.20,0.42
2009.07.17 15:07:25.713,1.57535,1.5758,3.20,0.42
2009.07.17 15:07:25.883,1.57535,1.5758,3.20,0.42
2009.07.17 15:07:26.093,1.57535,1.5758,3.20,0.42
2009.07.17 15:07:26.383,1.57535,1.5758,3.20,0.42
2009.07.17 15:07:26.973,1.57535,1.5758,3.20,0.42
2009.07.17 15:07:27.262,1.57545,1.5758,3.20,0.42
2009.07.17 15:07:27.533,1.57545,1.5758,3.20,0.42
2009.07.17 15:07:27.823,1.57545,1.5758,3.20,0.42
2009.07.17 15:07:27.933,1.57545,1.5758,3.20,0.42
2009.07.17 15:07:28.213,1.57545,1.5758,3.20,0.42
2009.07.17 15:07:28.603,1.57545,1.5758,3.20,0.42
2009.07.17 15:07:28.952,1.57545,1.5758,3.20,0.42
2009.07.17 15:07:29.292,1.57545,1.5758,3.20,0.42
2009.07.17 15:07:29.862,1.57545,1.5758,3.20,0.42
2009.07.17 15:07:30.042,1.57545,1.5758,3.20,0.42
2009.07.17 15:07:32.741,1.57555,1.5758,6.60,0.42
2009.07.17 15:07:33.141,1.5755,1.5758,3.60,0.42
2009.07.17 15:07:33.492,1.5755,1.5758,3.60,0.42
2009.07.17 15:07:33.892,1.5755,1.5758,3.60,0.42
2009.07.17 15:07:34.001,1.5755,1.5758,3.60,0.42
2009.07.17 15:07:34.491,1.5755,1.5758,3.60,0.42
2009.07.17 15:07:34.841,1.5755,1.5758,3.60,0.42
2009.07.17 15:07:35.412,1.5755,1.5758,3.60,0.42
2009.07.17 15:07:35.931,1.5755,1.5758,1.00,0.42
2009.07.17 15:07:36.391,1.5755,1.5758,1.00,0.42
2009.07.17 15:07:36.971,1.5754,1.5758,9.60,0.42
2009.07.17 15:07:37.330,1.5754,1.5758,3.20,0.42
2009.07.17 15:07:37.670,1.57545,1.5758,3.20,0.42
2009.07.17 15:07:38.080,1.57555,1.5758,1.00,0.42
2009.07.17 15:07:38.760,1.57535,1.5758,6.80,0.42
2009.07.17 15:07:39.110,1.57535,1.5758,6.80,0.42
2009.07.17 15:07:39.460,1.57535,1.5758,6.40,0.42
2009.07.17 15:07:40.040,1.57545,1.5758,6.40,0.42
2009.07.17 15:07:40.619,1.5755,1.5758,3.20,0.42
2009.07.17 15:07:40.790,1.5755,1.5758,3.60,0.42
2009.07.17 15:07:41.010,1.5755,1.5758,3.60,0.42
2009.07.17 15:07:41.189,1.5755,1.5758,3.60,0.42
2009.07.17 15:07:41.469,1.5755,1.5758,3.60,0.42
2009.07.17 15:07:41.759,1.5755,1.5758,3.60,0.42
2009.07.17 15:07:42.049,1.5755,1.5758,3.60,0.42
2009.07.17 15:07:42.620,1.5755,1.5758,3.60,0.42
2009.07.17 15:07:43.119,1.5755,1.5758,3.60,0.42
2009.07.17 15:07:43.589,1.5755,1.5758,3.60,0.42
2009.07.17 15:07:43.919,1.5755,1.5758,5.20,0.42
2009.07.17 15:07:44.269,1.5755,1.5758,3.60,0.42
2009.07.17 15:07:44.828,1.5755,1.5758,5.20,0.42
2009.07.17 15:07:44.939,1.57555,1.5758,3.20,0.42
2009.07.17 15:07:45.228,1.5756,1.5758,1.00,0.42
2009.07.17 15:07:45.628,1.5756,1.5758,1.80,0.42
2009.07.17 15:07:46.038,1.57545,1.5758,6.40,0.42
2009.07.17 15:07:46.498,1.57545,1.5758,6.40,0.42
2009.07.17 15:07:46.718,1.5755,1.5758,3.20,0.42
2009.07.17 15:07:47.008,1.5755,1.5758,3.20,0.42
2009.07.17 15:07:47.538,1.5755,1.5758,3.60,0.42
2009.07.17 15:07:48.098,1.5755,1.5758,3.60,0.42
2009.07.17 15:07:48.578,1.5755,1.5758,3.60,0.42
2009.07.17 15:07:49.097,1.5756,1.5758,3.20,0.42
2009.07.17 15:07:49.397,1.57565,1.5758,11.20,0.42
2009.07.17 15:07:49.678,1.57575,1.5758,3.20,0.42
2009.07.17 15:07:49.967,1.57575,1.5758,3.20,0.42
2009.07.17 15:07:50.307,1.57565,1.5758,10.10,0.42
2009.07.17 15:07:50.707,1.57565,1.5758,7.20,0.42
2009.07.17 15:07:51.097,1.57565,1.5758,17.00,0.42
2009.07.17 15:07:51.507,1.57565,1.5758,17.00,0.42
2009.07.17 15:07:52.077,1.57565,1.5758,17.40,0.42
2009.07.17 15:07:52.367,1.57575,1.5758,3.20,0.42
2009.07.17 15:07:52.947,1.57575,1.5758,15.20,0.42
2009.07.17 15:07:53.346,1.57575,1.5758,11.70,0.42
2009.07.17 15:07:53.576,1.57575,1.5758,11.30,0.19
2009.07.17 15:07:53.857,1.57575,1.5758,11.30,0.19
2009.07.17 15:07:54.446,1.57585,1.5763,3.20,1.79
2009.07.17 15:07:54.986,1.57585,1.57645,3.20,3.20
2009.07.17 15:07:55.576,1.5758,1.57645,11.40,3.20
2009.07.17 15:07:55.856,1.5758,1.57645,9.80,3.20
2009.07.17 15:07:56.996,1.57585,1.5763,2.80,3.20
2009.07.17 15:07:57.925,1.57585,1.57635,6.20,6.60
2009.07.17 15:07:58.275,1.57585,1.5764,12.80,5.40
2009.07.17 15:08:00.055,1.57595,1.5764,6.40,3.20
2009.07.17 15:08:00.455,1.5759,1.5764,6.40,3.20
2009.07.17 15:08:00.805,1.57585,1.5764,13.20,3.20
2009.07.17 15:08:01.326,1.57585,1.5764,9.40,16.00
2009.07.17 15:08:01.855,1.576,1.57645,3.20,5.40
2009.07.17 15:08:02.094,1.576,1.57645,3.20,18.20
2009.07.17 15:08:03.024,1.576,1.5764,6.40,6.40
2009.07.17 15:08:03.494,1.576,1.57655,6.40,18.20
2009.07.17 15:08:04.584,1.5761,1.57655,3.20,18.20
2009.07.17 15:08:05.124,1.5761,1.57655,3.20,3.20
2009.07.17 15:08:05.984,1.5761,1.57655,3.20,3.40
2009.07.17 15:08:06.393,1.576,1.57655,12.80,3.40
2009.07.17 15:08:07.123,1.576,1.57655,14.80,3.20
2009.07.17 15:08:07.763,1.5762,1.5767,1.60,15.00
2009.07.17 15:08:10.323,1.57595,1.5766,18.60,12.00
2009.07.17 15:08:10.662,1.57595,1.5766,18.60,13.60
2009.07.17 15:08:11.005,1.57595,1.5765,9.60,3.40
2009.07.17 15:08:12.142,1.57595,1.5764,9.60,3.20
2009.07.17 15:08:12.762,1.57595,1.5765,9.60,3.40
2009.07.17 15:08:12.932,1.576,1.5765,3.20,3.40
2009.07.17 15:08:13.262,1.576,1.5765,12.80,3.40
2009.07.17 15:08:13.672,1.576,1.5765,9.60,6.80
2009.07.17 15:08:16.101,1.576,1.5765,3.20,12.00
2009.07.17 15:08:16.463,1.576,1.5766,3.20,23.40
2009.07.17 15:08:16.801,1.576,1.5766,6.80,8.00
2009.07.17 15:08:17.161,1.576,1.57665,6.80,10.20
2009.07.17 15:08:17.910,1.576,1.57665,6.80,10.40
2009.07.17 15:08:18.421,1.576,1.5766,6.80,3.20
2009.07.17 15:08:18.970,1.576,1.57655,3.40,8.60
2009.07.17 15:08:19.441,1.576,1.57655,3.20,8.80
2009.07.17 15:08:22.170,1.576,1.57655,3.20,15.20
2009.07.17 15:08:22.400,1.576,1.57655,3.20,8.80
2009.07.17 15:08:22.809,1.576,1.57655,3.20,2.40
2009.07.17 15:08:23.199,1.576,1.5765,3.20,3.20
2009.07.17 15:08:23.589,1.57615,1.5765,3.20,1.00
2009.07.17 15:08:23.939,1.5761,1.5765,3.20,6.60
2009.07.17 15:08:25.079,1.57615,1.57655,3.20,15.20
2009.07.17 15:08:25.259,1.5761,1.57655,3.20,15.20
2009.07.17 15:08:25.669,1.57615,1.57655,3.20,15.20
2009.07.17 15:08:26.060,1.57615,1.5765,3.20,6.40
2009.07.17 15:08:26.639,1.5763,1.57675,3.20,10.20
2009.07.17 15:08:27.168,1.5763,1.57675,3.20,2.20
2009.07.17 15:08:27.618,1.57635,1.57685,3.20,18.40
2009.07.17 15:08:28.298,1.57625,1.5767,3.20,3.20
2009.07.17 15:08:28.798,1.5763,1.57675,3.20,3.20
2009.07.17 15:08:29.238,1.5762,1.57665,9.60,3.20
2009.07.17 15:08:29.467,1.5762,1.57665,12.80,3.20
2009.07.17 15:08:29.749,1.5762,1.57665,10.00,3.20
2009.07.17 15:08:30.028,1.5762,1.57665,13.20,3.20
2009.07.17 15:08:30.268,1.5762,1.57665,9.60,3.20
2009.07.17 15:08:30.447,1.57615,1.57665,13.20,3.20
2009.07.17 15:08:31.249,1.5763,1.5767,6.40,15.00
2009.07.17 15:08:31.417,1.57615,1.57675,5.20,18.20
2009.07.17 15:08:31.707,1.57615,1.57675,1.00,8.60
2009.07.17 15:08:32.457,1.57615,1.57675,3.20,1.60
2009.07.17 15:08:32.787,1.5761,1.57675,4.20,8.00
2009.07.17 15:08:33.127,1.5761,1.57675,3.60,8.00
2009.07.17 15:08:33.827,1.57605,1.57665,14.00,3.20
2009.07.17 15:08:34.177,1.57615,1.57675,3.20,8.00
2009.07.17 15:08:34.587,1.5761,1.57675,3.20,9.60
2009.07.17 15:08:34.877,1.57605,1.5767,3.20,3.20
2009.07.17 15:08:35.296,1.5761,1.57675,3.20,9.60
2009.07.17 15:08:35.756,1.57615,1.57675,3.20,4.80
2009.07.17 15:08:36.116,1.57625,1.57675,3.20,3.20
2009.07.17 15:08:36.466,1.57625,1.57675,3.20,11.80
2009.07.17 15:08:37.266,1.57615,1.57665,9.60,3.20
2009.07.17 15:08:38.296,1.5762,1.57665,3.20,3.20
2009.07.17 15:08:38.815,1.57615,1.5766,3.20,3.20
2009.07.17 15:08:39.145,1.57615,1.57655,3.20,1.60
2009.07.17 15:08:39.196,1.576,1.5765,9.60,3.20
2009.07.17 15:08:39.715,1.57595,1.5765,8.20,8.00
2009.07.17 15:08:40.175,1.57605,1.5765,8.00,8.00
2009.07.17 15:08:40.635,1.5759,1.5765,13.60,8.00
2009.07.17 15:08:41.085,1.576,1.57645,6.40,1.60
2009.07.17 15:08:41.555,1.57595,1.5765,17.00,5.00
2009.07.17 15:08:42.195,1.576,1.5765,6.40,5.00
2009.07.17 15:08:42.954,1.576,1.5764,6.40,1.00
2009.07.17 15:08:43.295,1.57595,1.5764,10.60,1.00
2009.07.17 15:08:43.404,1.576,1.57625,6.40,3.20
2009.07.17 15:08:44.044,1.57585,1.5764,17.00,1.60
2009.07.17 15:08:44.394,1.57595,1.5765,3.20,6.60
2009.07.17 15:08:44.764,1.576,1.5765,11.20,3.40
2009.07.17 15:08:45.104,1.576,1.57655,11.20,6.60
2009.07.17 15:08:45.754,1.57605,1.5765,3.20,9.80
2009.07.17 15:08:46.164,1.57595,1.5765,14.40,15.20
2009.07.17 15:08:46.574,1.57595,1.5764,3.20,3.20
2009.07.17 15:08:46.926,1.57595,1.5764,7.40,3.20
2009.07.17 15:08:47.504,1.57605,1.5765,3.20,3.20
2009.07.17 15:08:47.853,1.57605,1.5765,9.60,3.20
2009.07.17 15:08:48.183,1.57605,1.5765,6.40,3.20
2009.07.17 15:08:48.593,1.5762,1.57675,3.20,8.20
2009.07.17 15:08:48.933,1.5762,1.57675,3.20,8.60
2009.07.17 15:08:49.283,1.5763,1.57675,3.20,6.40
2009.07.17 15:08:49.643,1.5762,1.5767,1.80,8.60
2009.07.17 15:08:50.343,1.57615,1.5766,3.40,3.20
2009.07.17 15:08:50.613,1.57615,1.57665,3.40,3.20
2009.07.17 15:08:51.752,1.5761,1.57655,10.80,3.20
2009.07.17 15:08:52.242,1.57615,1.57665,6.80,3.20
2009.07.17 15:08:52.532,1.57615,1.57675,12.80,18.20
2009.07.17 15:08:53.264,1.5762,1.57675,7.20,9.60
2009.07.17 15:08:53.662,1.57625,1.57675,9.80,3.20
2009.07.17 15:08:54.771,1.5763,1.57675,3.20,3.20
2009.07.17 15:08:56.051,1.57625,1.57675,9.80,3.20
2009.07.17 15:08:56.742,1.57625,1.57675,9.60,6.80
2009.07.17 15:08:57.151,1.57625,1.57665,8.00,3.20
2009.07.17 15:08:58.391,1.5763,1.57665,1.60,3.20
2009.07.17 15:08:58.671,1.5763,1.5767,1.60,3.20
2009.07.17 15:08:59.121,1.5762,1.5767,8.80,3.20
2009.07.17 15:08:59.811,1.5762,1.5766,6.40,3.20
2009.07.17 15:09:00.791,1.5762,1.57655,6.40,3.20
2009.07.17 15:09:00.910,1.57615,1.57655,6.40,3.20
2009.07.17 15:09:01.200,1.57615,1.5766,9.60,4.80
2009.07.17 15:09:01.370,1.57615,1.5766,11.20,3.20
2009.07.17 15:09:03.180,1.57625,1.5766,1.60,3.20
2009.07.17 15:09:03.650,1.57625,1.5766,9.60,1.60
2009.07.17 15:09:03.999,1.57625,1.5767,9.60,3.20
2009.07.17 15:09:04.350,1.57625,1.5767,3.20,4.80
2009.07.17 15:09:04.519,1.57625,1.5767,3.20,3.20
2009.07.17 15:09:05.979,1.57625,1.5767,9.60,3.20
2009.07.17 15:09:06.329,1.57625,1.5767,9.80,3.20
2009.07.17 15:09:07.579,1.57625,1.5767,9.60,5.40
2009.07.17 15:09:08.098,1.5762,1.5767,1.00,5.40
2009.07.17 15:09:08.508,1.57615,1.5767,1.00,5.60
2009.07.17 15:09:09.979,1.57615,1.5767,1.00,12.00
2009.07.17 15:09:10.038,1.57615,1.5767,1.00,18.40
2009.07.17 15:09:10.438,1.57605,1.57655,6.60,3.20
2009.07.17 15:09:11.008,1.57605,1.57655,9.80,3.20
2009.07.17 15:09:11.478,1.5761,1.5766,6.40,2.20
2009.07.17 15:09:13.217,1.5761,1.57655,3.40,3.20
2009.07.17 15:09:14.547,1.57605,1.57655,3.20,3.40
2009.07.17 15:09:14.877,1.57605,1.57655,3.20,12.00
2009.07.17 15:09:15.377,1.576,1.57645,3.20,3.20
2009.07.17 15:09:15.717,1.57605,1.5765,3.20,3.40
2009.07.17 15:09:20.196,1.576,1.57655,3.40,18.20
2009.07.17 15:09:20.605,1.57595,1.57655,9.60,18.40
2009.07.17 15:09:20.985,1.57595,1.5765,6.40,6.40
2009.07.17 15:09:21.385,1.5759,1.5765,3.60,1.60
2009.07.17 15:09:21.735,1.5759,1.57655,3.60,29.80
2009.07.17 15:09:22.605,1.5759,1.5765,3.20,1.80
2009.07.17 15:09:22.885,1.5759,1.5764,13.60,3.20
2009.07.17 15:09:23.055,1.5759,1.5764,13.60,4.80
2009.07.17 15:09:23.336,1.5759,1.5764,6.40,4.80
2009.07.17 15:09:23.455,1.5759,1.5764,6.40,3.20
2009.07.17 15:09:24.324,1.5759,1.5764,6.40,12.80
2009.07.17 15:09:24.914,1.5759,1.5764,6.40,3.20
2009.07.17 15:09:25.254,1.5759,1.5764,6.40,4.80
2009.07.17 15:09:27.314,1.5759,1.5763,3.20,1.60
2009.07.17 15:09:27.534,1.5759,1.57655,3.20,1.80
2009.07.17 15:09:29.103,1.5759,1.5765,3.20,1.00
2009.07.17 15:09:29.503,1.57585,1.57645,14.20,3.20
2009.07.17 15:09:29.843,1.5759,1.5764,3.20,1.00
2009.07.17 15:09:30.193,1.5759,1.5765,3.60,8.20
2009.07.17 15:09:30.433,1.5759,1.5765,3.60,1.00
2009.07.17 15:09:30.713,1.57585,1.5764,18.40,3.20
2009.07.17 15:09:31.003,1.5759,1.5764,9.60,8.00
2009.07.17 15:09:31.533,1.5759,1.5765,3.20,8.20
2009.07.17 15:09:31.823,1.5759,1.5765,3.20,1.00
2009.07.17 15:09:32.243,1.57585,1.57635,16.80,3.20
2009.07.17 15:09:32.483,1.5759,1.57635,6.40,3.20
2009.07.17 15:09:32.762,1.5759,1.57635,9.60,3.20
2009.07.17 15:09:32.983,1.5759,1.57655,3.20,8.20
2009.07.17 15:09:33.562,1.5759,1.57655,3.20,1.00
2009.07.17 15:09:36.082,1.576,1.57645,6.40,6.40
2009.07.17 15:09:36.381,1.576,1.5765,12.80,8.00
2009.07.17 15:09:37.002,1.57595,1.57645,8.00,1.00
2009.07.17 15:09:37.461,1.57605,1.57645,4.80,1.00
2009.07.17 15:09:37.861,1.57605,1.5765,11.20,3.40
2009.07.17 15:09:38.371,1.57605,1.5765,9.60,3.40
2009.07.17 15:09:39.451,1.57605,1.57645,3.20,1.00
2009.07.17 15:09:39.741,1.576,1.57645,6.40,1.00
2009.07.17 15:09:41.740,1.57595,1.57645,6.40,3.60
2009.07.17 15:09:41.910,1.57585,1.57645,21.60,3.60
2009.07.17 15:09:42.320,1.57585,1.57645,13.60,3.60
2009.07.17 15:09:43.760,1.5759,1.57645,6.40,3.60
2009.07.17 15:09:43.880,1.57595,1.57645,6.40,1.00
2009.07.17 15:09:44.780,1.57595,1.57655,3.20,11.60
2009.07.17 15:09:45.060,1.57595,1.57655,3.20,3.60
2009.07.17 15:09:45.470,1.57595,1.5765,3.20,1.00
2009.07.17 15:09:46.780,1.57595,1.57645,9.60,1.00
2009.07.17 15:09:47.059,1.57595,1.5765,3.20,1.00
2009.07.17 15:09:49.498,1.57595,1.5765,17.00,3.40
2009.07.17 15:09:49.618,1.57595,1.5765,13.60,6.80
2009.07.17 15:09:50.008,1.57595,1.5764,13.60,1.00
2009.07.17 15:09:50.178,1.57595,1.57635,6.40,3.20
2009.07.17 15:09:53.207,1.57595,1.5764,7.20,3.40
2009.07.17 15:09:53.437,1.57595,1.5764,10.40,3.40
2009.07.17 15:09:54.087,1.57595,1.5764,4.00,3.40
2009.07.17 15:09:54.317,1.57595,1.5764,3.20,3.40
2009.07.17 15:09:54.667,1.57595,1.57635,3.20,6.40
2009.07.17 15:09:55.137,1.5759,1.5764,3.20,8.40
2009.07.17 15:09:55.537,1.5759,1.5763,10.40,1.60
2009.07.17 15:09:55.867,1.5759,1.5764,7.20,8.00
2009.07.17 15:09:56.217,1.5759,1.57645,7.20,3.60
2009.07.17 15:09:56.607,1.5759,1.57645,6.40,3.60
2009.07.17 15:09:57.187,1.5759,1.5765,20.20,3.40
2009.07.17 15:09:57.357,1.57595,1.5765,6.40,3.40
2009.07.17 15:09:58.336,1.57595,1.5765,6.40,5.60
2009.07.17 15:09:58.436,1.57595,1.57645,13.60,1.00
2009.07.17 15:09:59.058,1.5761,1.57655,1.60,6.40
2009.07.17 15:09:59.457,1.57615,1.57665,1.60,13.40
2009.07.17 15:09:59.796,1.5762,1.57665,3.20,11.20
2009.07.17 15:10:00.096,1.5762,1.57665,3.20,3.20
2009.07.17 15:10:00.856,1.5762,1.57665,8.00,6.40
2009.07.17 15:10:01.146,1.5762,1.5767,8.00,2.20
2009.07.17 15:10:01.556,1.5762,1.57665,6.40,8.60
2009.07.17 15:10:01.862,1.5762,1.57665,4.80,3.40
2009.07.17 15:10:02.256,1.57625,1.57665,1.60,6.40
2009.07.17 15:10:02.605,1.5762,1.5766,3.20,3.20
2009.07.17 15:10:02.945,1.57605,1.5765,11.20,3.20
2009.07.17 15:10:03.366,1.57605,1.5765,3.20,3.20
2009.07.17 15:10:06.674,1.57605,1.5766,13.20,3.20
2009.07.17 15:10:08.794,1.57605,1.5766,14.80,3.20
2009.07.17 15:10:12.503,1.57605,1.5765,9.80,3.20
2009.07.17 15:10:16.082,1.57605,1.5765,9.60,3.40
2009.07.17 15:10:16.602,1.5762,1.57665,3.20,18.20
2009.07.17 15:10:17.102,1.5762,1.57665,3.20,3.20
2009.07.17 15:10:21.041,1.5762,1.57665,4.80,3.20
2009.07.17 15:10:21.451,1.5762,1.57665,5.00,3.20
2009.07.17 15:10:22.161,1.5762,1.5766,1.80,3.20
2009.07.17 15:10:22.731,1.57615,1.5766,1.60,3.20
2009.07.17 15:10:23.030,1.5761,1.5766,14.80,3.20
2009.07.17 15:10:23.810,1.57615,1.5766,4.80,3.20
2009.07.17 15:10:23.980,1.5762,1.57665,4.80,5.40
2009.07.17 15:10:24.320,1.5762,1.57665,8.00,2.20
2009.07.17 15:10:26.730,1.5762,1.5766,4.80,15.00
2009.07.17 15:10:27.129,1.5761,1.5766,6.40,19.80
2009.07.17 15:10:27.191,1.5761,1.57655,3.20,3.60
2009.07.17 15:10:27.639,1.57605,1.57655,3.20,1.00
2009.07.17 15:10:28.049,1.57595,1.5765,8.20,11.80
2009.07.17 15:10:28.469,1.5759,1.5765,3.20,5.80
2009.07.17 15:10:28.819,1.5759,1.5765,10.60,3.60
2009.07.17 15:10:33.018,1.576,1.57645,3.20,18.40
2009.07.17 15:10:33.478,1.576,1.57645,3.20,11.80
2009.07.17 15:10:33.758,1.576,1.57645,3.20,12.00
2009.07.17 15:10:34.117,1.576,1.57645,3.20,5.60
2009.07.17 15:10:34.228,1.576,1.57645,3.20,3.40
2009.07.17 15:10:35.328,1.576,1.57645,3.20,6.60
2009.07.17 15:10:35.779,1.5761,1.57645,3.20,6.40
2009.07.17 15:10:36.067,1.5761,1.5765,6.40,8.60
2009.07.17 15:10:36.417,1.57615,1.57675,9.60,5.40
2009.07.17 15:10:36.977,1.57615,1.57675,9.60,8.00
2009.07.17 15:10:37.437,1.5762,1.5768,3.20,8.00
2009.07.17 15:10:37.677,1.5762,1.57685,3.20,3.60
2009.07.17 15:10:38.007,1.5762,1.57685,12.20,3.60
2009.07.17 15:10:38.297,1.57625,1.57685,9.60,1.00
2009.07.17 15:10:38.577,1.5764,1.57685,1.20,1.00
2009.07.17 15:10:38.986,1.5764,1.57685,5.60,1.00
2009.07.17 15:10:39.047,1.57645,1.577,1.00,19.80
2009.07.17 15:10:39.397,1.57645,1.5769,1.00,8.60
2009.07.17 15:10:39.807,1.5763,1.5769,11.20,6.40
2009.07.17 15:10:40.376,1.5764,1.57695,3.20,8.80
2009.07.17 15:10:41.286,1.5764,1.57695,3.20,1.00
2009.07.17 15:10:42.536,1.5764,1.57695,3.20,2.20
2009.07.17 15:10:43.535,1.5764,1.57695,3.20,2.40
2009.07.17 15:10:44.625,1.5764,1.57695,3.20,8.80
2009.07.17 15:10:45.035,1.5764,1.57695,3.60,8.60
2009.07.17 15:10:48.475,1.57645,1.5769,1.00,2.20
2009.07.17 15:10:48.874,1.57635,1.5769,8.40,2.20
2009.07.17 15:10:49.234,1.5764,1.57685,1.00,3.20
2009.07.17 15:10:49.584,1.57635,1.57685,3.20,6.80
2009.07.17 15:10:55.033,1.57655,1.57695,1.60,2.20
2009.07.17 15:10:55.493,1.5765,1.57695,1.00,3.20
2009.07.17 15:10:56.183,1.5765,1.57705,8.20,9.81
2009.07.17 15:10:56.533,1.5765,1.577,3.20,6.60
2009.07.17 15:10:56.892,1.5766,1.577,6.40,6.60
2009.07.17 15:10:57.362,1.57635,1.57695,11.60,3.20
2009.07.17 15:10:57.662,1.57645,1.57695,3.20,3.20
2009.07.17 15:10:58.972,1.5764,1.57695,10.00,3.20
2009.07.17 15:10:59.771,1.5764,1.57695,9.60,3.40
2009.07.17 15:10:59.941,1.5764,1.57695,10.00,3.20
2009.07.17 15:11:00.683,1.5764,1.57695,10.00,3.40
2009.07.17 15:11:06.510,1.5763,1.5768,7.20,3.20
2009.07.17 15:11:07.540,1.5763,1.5768,7.20,3.40
2009.07.17 15:11:07.999,1.5764,1.5769,14.00,3.20
2009.07.17 15:11:08.540,1.5764,1.57675,6.60,3.20
2009.07.17 15:11:09.409,1.5764,1.5769,13.20,3.20
2009.07.17 15:11:10.639,1.5764,1.577,13.20,21.60
2009.07.17 15:11:11.049,1.57645,1.57695,3.20,1.00
2009.07.17 15:11:11.559,1.5765,1.57695,1.60,1.00
2009.07.17 15:11:11.728,1.5765,1.57695,8.00,1.00
2009.07.17 15:11:12.459,1.57645,1.57695,1.60,1.00
2009.07.17 15:11:12.969,1.57655,1.57695,4.00,1.00
2009.07.17 15:11:13.318,1.5766,1.57695,1.60,1.00
2009.07.17 15:11:13.658,1.5766,1.57705,13.60,0.62
2009.07.17 15:11:13.998,1.5766,1.57705,12.80,0.62
2009.07.17 15:11:14.388,1.5766,1.57705,6.40,0.62
2009.07.17 15:11:14.678,1.5766,1.57705,6.40,0.62
2009.07.17 15:11:15.268,1.5766,1.57705,6.40,0.62
2009.07.17 15:11:15.718,1.5766,1.57705,6.40,0.62
2009.07.17 15:11:15.938,1.5766,1.57705,6.40,0.62
2009.07.17 15:11:16.178,1.5766,1.57705,6.40,0.62
2009.07.17 15:11:16.637,1.5766,1.57705,6.40,0.62
2009.07.17 15:11:16.858,1.57655,1.57705,14.80,0.62
2009.07.17 15:11:17.208,1.57655,1.57705,13.20,0.62
2009.07.17 15:11:17.788,1.57645,1.5769,14.60,3.20
2009.07.17 15:11:18.127,1.5765,1.57685,8.00,1.00
2009.07.17 15:11:19.197,1.5764,1.577,6.40,11.40
2009.07.17 15:11:19.537,1.57645,1.577,14.40,5.60
2009.07.17 15:11:20.517,1.57645,1.577,8.00,3.40
2009.07.17 15:11:20.927,1.5764,1.577,3.20,3.40
2009.07.17 15:11:21.876,1.5764,1.57695,3.20,1.00
2009.07.17 15:11:22.506,1.5764,1.5769,4.20,3.20
2009.07.17 15:11:23.246,1.57655,1.57705,6.40,8.11
2009.07.17 15:11:23.596,1.57655,1.577,3.20,3.20
2009.07.17 15:11:24.286,1.57655,1.577,6.40,3.20
2009.07.17 15:11:24.626,1.57655,1.577,3.20,6.40
2009.07.17 15:11:25.265,1.5764,1.57695,3.20,1.00
2009.07.17 15:11:28.055,1.5764,1.57685,13.60,1.00
2009.07.17 15:11:28.525,1.5764,1.5768,6.40,3.20
2009.07.17 15:11:28.924,1.5763,1.5768,17.00,3.20
2009.07.17 15:11:29.094,1.5763,1.57685,17.00,1.00
2009.07.17 15:11:29.385,1.5764,1.57685,6.40,1.00
2009.07.17 15:11:31.064,1.5764,1.5768,3.20,3.20
2009.07.17 15:11:31.404,1.57635,1.5768,3.20,1.00
2009.07.17 15:11:31.744,1.5765,1.57685,3.20,6.60
2009.07.17 15:11:32.094,1.57625,1.57685,3.20,3.40
2009.07.17 15:11:32.444,1.57635,1.5769,6.40,3.20
2009.07.17 15:11:32.784,1.57625,1.5769,12.80,3.20
2009.07.17 15:11:33.303,1.5765,1.57695,3.20,18.40
2009.07.17 15:11:33.873,1.57645,1.5769,6.40,3.20
2009.07.17 15:11:34.403,1.57645,1.5769,12.80,3.20
2009.07.17 15:11:34.933,1.57645,1.577,10.60,3.20
2009.07.17 15:11:35.293,1.5765,1.577,6.40,3.20
2009.07.17 15:11:36.543,1.5765,1.577,6.40,3.40
2009.07.17 15:11:39.112,1.5764,1.57695,17.00,1.00
2009.07.17 15:11:39.532,1.5764,1.57695,9.60,1.00
2009.07.17 15:11:39.582,1.5763,1.57695,27.00,1.00
2009.07.17 15:11:40.272,1.5763,1.57695,19.00,1.00
2009.07.17 15:11:40.822,1.5763,1.57685,3.20,1.00
2009.07.17 15:11:41.303,1.57635,1.5769,6.40,3.40
2009.07.17 15:11:41.711,1.57635,1.5769,12.80,3.40
2009.07.17 15:11:43.681,1.5764,1.5769,3.20,3.40
2009.07.17 15:11:44.131,1.57635,1.5769,10.00,3.40
2009.07.17 15:11:46.670,1.57635,1.5769,6.60,6.80
2009.07.17 15:11:47.190,1.5763,1.5769,3.60,6.80
2009.07.17 15:11:47.890,1.5763,1.57685,3.20,1.00
2009.07.17 15:11:49.210,1.5763,1.57685,10.60,1.00
2009.07.17 15:11:49.330,1.57635,1.57685,7.20,1.00
2009.07.17 15:11:49.609,1.5764,1.57685,6.40,1.00
2009.07.17 15:11:50.179,1.5764,1.5769,6.60,3.40
2009.07.17 15:11:51.029,1.5764,1.57675,6.40,3.20
2009.07.17 15:11:51.959,1.57635,1.57675,6.40,3.20
2009.07.17 15:11:52.139,1.57635,1.57685,6.40,1.00
2009.07.17 15:11:52.419,1.57635,1.5769,17.40,3.20
2009.07.17 15:11:52.819,1.5764,1.5769,6.40,3.20
2009.07.17 15:11:53.808,1.5764,1.5769,6.40,3.40
2009.07.17 15:11:58.058,1.5764,1.577,9.60,12.00
2009.07.17 15:11:58.288,1.5764,1.577,17.00,3.40
2009.07.17 15:11:58.997,1.5764,1.577,3.20,3.40
2009.07.17 15:11:59.387,1.5763,1.57695,4.80,1.00
2009.07.17 15:11:59.567,1.5763,1.57695,5.20,1.00
2009.07.17 15:12:07.505,1.57635,1.5769,3.20,18.40
2009.07.17 15:12:07.745,1.57635,1.5769,3.20,3.40
2009.07.17 15:12:08.025,1.57645,1.5769,1.00,3.20
2009.07.17 15:12:10.064,1.5765,1.577,6.40,3.40
2009.07.17 15:12:13.024,1.5765,1.577,9.60,1.00
2009.07.17 15:12:13.364,1.5765,1.577,3.20,1.00
2009.07.17 15:12:13.934,1.5765,1.57705,3.60,0.42
2009.07.17 15:12:14.284,1.5765,1.57705,3.60,0.42
2009.07.17 15:12:14.704,1.57655,1.577,3.20,3.20
2009.07.17 15:12:15.043,1.5765,1.577,6.60,3.20
2009.07.17 15:12:15.533,1.5765,1.577,7.20,3.20
2009.07.17 15:12:15.943,1.5765,1.577,6.40,3.20
2009.07.17 15:12:16.473,1.5765,1.577,13.60,3.20
2009.07.17 15:12:16.643,1.57655,1.577,6.40,3.20
2009.07.17 15:12:18.672,1.5764,1.577,17.40,3.20
2009.07.17 15:12:18.952,1.5764,1.577,18.00,3.20
2009.07.17 15:12:19.522,1.5764,1.57705,5.20,0.42
2009.07.17 15:12:19.993,1.57645,1.57705,1.00,5.42
2009.07.17 15:12:20.522,1.57645,1.57705,1.00,5.42
2009.07.17 15:12:21.102,1.5765,1.57705,3.20,0.42
2009.07.17 15:12:21.212,1.5765,1.577,7.20,3.20
2009.07.17 15:12:21.552,1.5765,1.577,17.00,3.20
2009.07.17 15:12:21.852,1.57655,1.577,12.80,3.20
2009.07.17 15:12:22.272,1.5765,1.57705,6.40,7.72
2009.07.17 15:12:22.612,1.5765,1.57705,9.60,0.62
2009.07.17 15:12:22.942,1.5765,1.57705,9.60,0.42
2009.07.17 15:12:23.332,1.5765,1.57705,9.60,0.42
2009.07.17 15:12:23.861,1.5765,1.57705,10.00,0.42
2009.07.17 15:12:24.461,1.5765,1.57705,10.00,0.42
2009.07.17 15:12:24.741,1.5765,1.57705,9.60,0.42
2009.07.17 15:12:25.041,1.5765,1.57705,9.60,0.42
2009.07.17 15:12:25.321,1.5765,1.57705,9.60,0.42
2009.07.17 15:12:25.551,1.5765,1.57705,10.00,0.42
2009.07.17 15:12:25.852,1.5765,1.57705,10.00,0.42
2009.07.17 15:12:26.321,1.5765,1.57705,10.00,0.42
2009.07.17 15:12:26.861,1.57665,1.57705,3.20,0.42
2009.07.17 15:12:27.030,1.57665,1.57705,3.20,0.42
2009.07.17 15:12:27.311,1.57655,1.57705,6.40,0.42
2009.07.17 15:12:27.781,1.57655,1.57705,6.40,0.42
2009.07.17 15:12:28.070,1.57655,1.57705,6.40,0.42
2009.07.17 15:12:28.461,1.57655,1.57705,6.40,0.42
2009.07.17 15:12:28.570,1.57655,1.57705,6.40,0.42
2009.07.17 15:12:28.970,1.57645,1.57705,19.00,0.42
2009.07.17 15:12:29.090,1.57645,1.57705,19.00,0.42
2009.07.17 15:12:29.381,1.57645,1.57705,19.00,0.42
2009.07.17 15:12:29.540,1.57645,1.57705,19.00,0.42
2009.07.17 15:12:29.840,1.57645,1.57705,19.00,0.42
2009.07.17 15:12:30.120,1.57645,1.57705,19.00,0.42
2009.07.17 15:12:30.410,1.57645,1.57705,19.00,0.42
2009.07.17 15:12:30.690,1.57645,1.57705,19.00,0.42
2009.07.17 15:12:30.809,1.57645,1.577,17.00,3.40
2009.07.17 15:12:30.929,1.5765,1.577,6.40,3.40
2009.07.17 15:12:31.209,1.5765,1.577,9.60,1.00
2009.07.17 15:12:31.609,1.5765,1.57705,3.20,0.42
2009.07.17 15:12:31.719,1.5765,1.57705,3.20,0.42
2009.07.17 15:12:32.169,1.5765,1.57705,3.20,0.42
2009.07.17 15:12:32.509,1.5765,1.57705,3.20,0.42
2009.07.17 15:12:32.739,1.5765,1.57705,3.20,0.62
2009.07.17 15:12:33.229,1.5765,1.57705,3.20,2.01
2009.07.17 15:12:33.519,1.57645,1.577,5.20,3.20
2009.07.17 15:12:33.989,1.57645,1.577,3.60,3.40
2009.07.17 15:12:34.339,1.57645,1.5769,3.60,5.40
2009.07.17 15:12:34.799,1.57635,1.5769,3.60,5.60
2009.07.17 15:12:35.199,1.57635,1.5769,3.60,3.40
2009.07.17 15:12:35.589,1.57635,1.57685,10.00,1.00
2009.07.17 15:12:36.918,1.5764,1.57685,1.20,1.00
2009.07.17 15:12:37.338,1.57645,1.57695,3.20,14.40
2009.07.17 15:12:37.738,1.5764,1.577,17.40,3.40
2009.07.17 15:12:38.668,1.5765,1.577,13.60,3.40
2009.07.17 15:12:39.239,1.5765,1.577,14.00,3.40
2009.07.17 15:12:40.907,1.5765,1.577,7.60,3.40
2009.07.17 15:12:40.967,1.5765,1.577,6.60,3.40
2009.07.17 15:12:42.697,1.5765,1.57705,10.00,5.42
2009.07.17 15:12:42.987,1.5765,1.57705,10.00,5.42
2009.07.17 15:12:43.226,1.5765,1.57705,17.40,0.42
2009.07.17 15:12:43.517,1.5765,1.57705,17.40,0.42
2009.07.17 15:12:43.756,1.5765,1.57705,17.40,0.42
2009.07.17 15:12:44.036,1.5765,1.57705,17.40,0.42
2009.07.17 15:12:44.376,1.5765,1.57705,17.40,0.42
2009.07.17 15:12:44.676,1.5765,1.57705,17.40,0.42
2009.07.17 15:12:44.906,1.5765,1.57705,17.40,0.42
2009.07.17 15:12:45.376,1.5765,1.57705,17.40,0.42
2009.07.17 15:12:45.936,1.5765,1.57705,17.40,0.42
2009.07.17 15:12:46.557,1.5765,1.57705,17.40,0.42
2009.07.17 15:12:46.726,1.5765,1.57705,17.40,0.62
2009.07.17 15:12:47.006,1.5765,1.57705,17.40,0.62
2009.07.17 15:12:47.125,1.5765,1.57705,17.40,0.62
2009.07.17 15:12:47.566,1.57655,1.577,7.20,3.40
2009.07.17 15:12:47.965,1.57655,1.577,6.40,3.40
2009.07.17 15:12:49.125,1.5765,1.577,14.00,3.40
2009.07.17 15:12:53.804,1.57655,1.577,6.40,3.40
2009.07.17 15:12:54.774,1.57655,1.577,15.40,1.00
2009.07.17 15:12:55.065,1.57665,1.57705,3.20,0.42
2009.07.17 15:12:55.414,1.57665,1.57705,3.20,0.42
2009.07.17 15:12:55.924,1.57665,1.57705,3.20,0.42
2009.07.17 15:12:56.394,1.57655,1.57705,13.20,0.42
2009.07.17 15:12:56.614,1.57655,1.57705,13.20,0.42
2009.07.17 15:12:56.853,1.57655,1.57705,13.20,0.42
2009.07.17 15:12:57.183,1.57655,1.57705,13.20,0.42
2009.07.17 15:12:57.523,1.57655,1.57705,13.20,0.42
2009.07.17 15:12:57.983,1.57655,1.57705,13.20,0.42
2009.07.17 15:12:58.273,1.57655,1.57705,13.20,0.42
2009.07.17 15:12:58.733,1.57655,1.57705,13.20,0.42
2009.07.17 15:12:59.073,1.57655,1.57705,13.20,0.42
2009.07.17 15:12:59.353,1.57655,1.57705,13.20,0.42
2009.07.17 15:12:59.683,1.57655,1.57705,13.20,0.42
2009.07.17 15:12:59.913,1.57655,1.57705,13.20,0.42
2009.07.17 15:13:00.153,1.57655,1.57705,13.20,0.42
2009.07.17 15:13:00.393,1.5767,1.57705,1.60,0.42
2009.07.17 15:13:00.682,1.5767,1.57705,1.60,0.42
2009.07.17 15:13:00.912,1.5767,1.57705,1.60,0.42
2009.07.17 15:13:01.202,1.5767,1.57705,1.60,0.42
2009.07.17 15:13:01.362,1.57665,1.57705,3.20,0.42
2009.07.17 15:13:01.712,1.57665,1.57705,3.20,0.42
2009.07.17 15:13:01.932,1.57665,1.57705,3.20,0.42
2009.07.17 15:13:04.292,1.57665,1.57705,3.40,0.42
2009.07.17 15:13:04.742,1.57665,1.57705,3.40,0.42
2009.07.17 15:13:05.041,1.57665,1.57705,3.40,0.42
2009.07.17 15:13:05.521,1.57665,1.57705,3.40,0.42
2009.07.17 15:13:05.861,1.57665,1.57705,3.40,0.42
2009.07.17 15:13:05.921,1.57665,1.57705,3.40,0.42
2009.07.17 15:13:06.381,1.57665,1.57705,3.40,0.42
2009.07.17 15:13:06.861,1.57665,1.57705,3.40,0.42
2009.07.17 15:13:07.201,1.57665,1.57705,3.40,0.42
2009.07.17 15:13:07.501,1.57665,1.57705,3.40,0.42
2009.07.17 15:13:07.611,1.57665,1.57705,3.40,0.42
2009.07.17 15:13:07.781,1.57665,1.57705,3.40,0.42
2009.07.17 15:13:08.141,1.57665,1.57705,3.40,0.42
2009.07.17 15:13:08.431,1.57665,1.57705,3.40,0.42
2009.07.17 15:13:08.771,1.57665,1.57705,3.40,0.42
2009.07.17 15:13:09.220,1.57665,1.57705,3.40,0.42
2009.07.17 15:13:09.680,1.5766,1.57705,11.20,0.42
2009.07.17 15:13:10.020,1.5766,1.57705,8.00,0.42
2009.07.17 15:13:10.321,1.57655,1.57705,13.20,0.42
2009.07.17 15:13:11.090,1.57655,1.57705,13.20,0.42
2009.07.17 15:13:11.260,1.57665,1.57705,3.20,0.42
2009.07.17 15:13:11.670,1.57665,1.57705,3.20,0.42
2009.07.17 15:13:11.840,1.5767,1.57705,1.60,0.42
2009.07.17 15:13:12.000,1.5767,1.57705,1.60,0.42
2009.07.17 15:13:12.179,1.5767,1.57705,1.60,0.42
2009.07.17 15:13:12.530,1.5767,1.57705,1.60,0.42
2009.07.17 15:13:12.690,1.5767,1.577,1.60,3.20
2009.07.17 15:13:13.050,1.57655,1.577,3.20,3.20
2009.07.17 15:13:13.329,1.57655,1.577,3.40,3.20
2009.07.17 15:13:13.889,1.57655,1.57705,6.80,0.42
2009.07.17 15:13:14.409,1.57655,1.57705,6.80,0.42
2009.07.17 15:13:14.969,1.5765,1.57705,3.20,0.62
2009.07.17 15:13:15.249,1.5765,1.57705,4.80,0.62
2009.07.17 15:13:16.069,1.5765,1.57705,5.20,0.42
2009.07.17 15:13:16.298,1.5765,1.57705,5.20,0.42
2009.07.17 15:13:16.639,1.5765,1.57705,5.20,0.42
2009.07.17 15:13:16.869,1.5765,1.577,8.00,3.20
2009.07.17 15:13:17.338,1.5765,1.577,8.80,3.20
2009.07.17 15:13:19.358,1.5765,1.577,8.00,3.20
2009.07.17 15:13:19.868,1.5765,1.57705,4.80,0.42
2009.07.17 15:13:20.228,1.5765,1.57705,4.80,0.42
2009.07.17 15:13:20.758,1.5765,1.57705,4.80,0.62
2009.07.17 15:13:21.048,1.5765,1.57705,4.80,0.62
2009.07.17 15:13:21.268,1.5765,1.57705,4.80,0.62
2009.07.17 15:13:21.497,1.5765,1.57705,5.20,0.42
2009.07.17 15:13:21.957,1.5765,1.57705,5.20,5.81
2009.07.17 15:13:22.417,1.5765,1.57705,5.20,5.81
2009.07.17 15:13:22.647,1.5765,1.57705,3.60,0.42
2009.07.17 15:13:22.997,1.5765,1.57705,3.60,0.42
2009.07.17 15:13:23.507,1.5765,1.57705,1.80,1.81
2009.07.17 15:13:24.007,1.5764,1.57705,13.20,2.01
2009.07.17 15:13:24.296,1.5764,1.57705,13.20,2.01
2009.07.17 15:13:24.627,1.57655,1.57705,3.20,2.01
2009.07.17 15:13:25.147,1.5764,1.57705,6.80,0.42
2009.07.17 15:13:25.677,1.5764,1.57705,13.20,0.42
2009.07.17 15:13:26.096,1.5765,1.57705,3.60,0.42
2009.07.17 15:13:26.316,1.5765,1.57705,3.60,0.42
2009.07.17 15:13:26.697,1.5765,1.57705,3.60,0.42
2009.07.17 15:13:26.856,1.5765,1.57705,3.60,0.42
2009.07.17 15:13:27.146,1.5765,1.57705,3.60,0.42
2009.07.17 15:13:27.676,1.5765,1.57705,3.60,0.42
2009.07.17 15:13:28.086,1.5765,1.57705,3.60,0.42
2009.07.17 15:13:28.366,1.5765,1.57705,3.60,0.42
2009.07.17 15:13:28.596,1.5765,1.57705,3.60,0.42
2009.07.17 15:13:28.945,1.5765,1.57705,3.60,0.42
2009.07.17 15:13:29.296,1.5765,1.57705,3.60,0.42
2009.07.17 15:13:29.675,1.5765,1.57705,3.60,0.42
2009.07.17 15:13:30.095,1.5765,1.57705,3.60,0.42
2009.07.17 15:13:30.215,1.5765,1.57705,3.60,0.42
2009.07.17 15:13:30.455,1.5765,1.57705,3.60,0.42
2009.07.17 15:13:30.505,1.5765,1.57705,3.60,0.42
2009.07.17 15:13:30.615,1.5765,1.57705,3.60,0.42
2009.07.17 15:13:30.835,1.5765,1.57705,3.60,0.42
2009.07.17 15:13:31.185,1.5765,1.57705,3.60,0.42
2009.07.17 15:13:31.655,1.5765,1.57705,3.60,0.42
2009.07.17 15:13:32.055,1.5765,1.57705,3.60,0.42
2009.07.17 15:13:32.235,1.5765,1.57705,5.20,0.42
2009.07.17 15:13:32.515,1.57655,1.57705,1.00,0.42
2009.07.17 15:13:32.875,1.57655,1.57705,3.60,0.42
2009.07.17 15:13:33.274,1.57655,1.57705,3.60,0.42
2009.07.17 15:13:33.595,1.5767,1.57705,3.20,0.42
2009.07.17 15:13:33.895,1.5766,1.57705,1.80,0.42
2009.07.17 15:13:34.354,1.57665,1.57705,3.20,0.42
2009.07.17 15:13:34.704,1.57665,1.57705,3.20,0.42
2009.07.17 15:13:35.264,1.57665,1.57705,3.20,0.42
2009.07.17 15:13:35.854,1.5766,1.577,1.00,1.60
2009.07.17 15:13:36.134,1.5765,1.5769,3.60,1.60
2009.07.17 15:13:40.972,1.57655,1.5769,3.60,1.60
2009.07.17 15:13:43.022,1.57655,1.577,3.60,1.60
2009.07.17 15:13:43.712,1.57655,1.5769,3.60,1.60
2009.07.17 15:13:44.552,1.57655,1.5769,1.00,1.60
2009.07.17 15:13:44.772,1.5765,1.5769,3.60,1.60
2009.07.17 15:13:48.381,1.5766,1.57705,8.00,0.42
2009.07.17 15:13:49.431,1.5765,1.57695,9.80,3.20
2009.07.17 15:13:49.781,1.5765,1.57695,1.00,3.20
2009.07.17 15:13:52.280,1.57655,1.577,3.20,19.80
2009.07.17 15:13:52.510,1.57655,1.577,6.40,4.80
2009.07.17 15:13:53.030,1.57665,1.577,3.20,8.00
2009.07.17 15:13:53.250,1.57665,1.57705,3.20,0.42
2009.07.17 15:13:53.481,1.57665,1.57705,3.20,0.42
2009.07.17 15:13:53.759,1.57665,1.57705,3.20,0.42
2009.07.17 15:13:54.049,1.57665,1.57705,3.20,0.42
2009.07.17 15:13:54.339,1.57665,1.57705,3.20,0.42
2009.07.17 15:13:54.859,1.57665,1.57705,3.20,0.42
2009.07.17 15:13:55.139,1.57665,1.57705,3.20,0.42
2009.07.17 15:13:55.609,1.57665,1.57705,3.20,0.42
2009.07.17 15:13:55.719,1.57665,1.57705,3.20,0.42
2009.07.17 15:13:55.939,1.57665,1.57705,3.20,0.42
2009.07.17 15:13:56.389,1.57665,1.57705,3.20,0.42
2009.07.17 15:13:56.619,1.57665,1.57705,3.20,0.42
2009.07.17 15:13:56.909,1.57665,1.57705,3.20,0.42
2009.07.17 15:13:57.320,1.57665,1.57705,3.20,0.42
2009.07.17 15:13:57.779,1.5767,1.57705,3.20,0.42
2009.07.17 15:13:58.189,1.5767,1.57705,3.20,0.42
2009.07.17 15:13:58.538,1.5767,1.57705,3.20,0.42
2009.07.17 15:13:58.598,1.5767,1.57705,3.20,0.42
2009.07.17 15:13:58.778,1.5767,1.57705,3.20,0.42
2009.07.17 15:13:59.349,1.5767,1.57705,3.20,0.42
2009.07.17 15:13:59.648,1.5767,1.57705,3.20,0.42
2009.07.17 15:14:00.008,1.5767,1.57705,3.20,0.42
2009.07.17 15:14:00.458,1.5767,1.57705,3.20,0.42
2009.07.17 15:14:00.808,1.5767,1.57705,3.20,0.42
2009.07.17 15:14:01.208,1.5767,1.57705,3.20,0.42
2009.07.17 15:14:01.498,1.5767,1.57705,3.60,0.42
2009.07.17 15:14:01.958,1.5767,1.57705,3.60,0.42
2009.07.17 15:14:02.237,1.5767,1.57705,3.60,0.42
2009.07.17 15:14:02.357,1.5767,1.57705,3.60,0.42
2009.07.17 15:14:02.417,1.5767,1.57705,3.60,0.42
2009.07.17 15:14:02.787,1.5767,1.57705,3.60,0.42
2009.07.17 15:14:03.029,1.5767,1.577,3.60,1.60
2009.07.17 15:14:03.547,1.5767,1.57705,3.60,0.42
2009.07.17 15:14:03.837,1.5767,1.57705,3.60,0.42
2009.07.17 15:14:03.997,1.5767,1.57705,3.60,0.42
2009.07.17 15:14:04.277,1.5767,1.57705,3.60,0.42
2009.07.17 15:14:04.797,1.5767,1.57705,3.60,0.42
2009.07.17 15:14:05.137,1.5767,1.57705,3.60,0.42
2009.07.17 15:14:05.527,1.5767,1.57705,3.60,0.42
2009.07.17 15:14:05.647,1.5767,1.57705,3.60,0.42
2009.07.17 15:14:05.937,1.5767,1.57705,3.20,0.42
2009.07.17 15:14:06.286,1.57665,1.57705,3.40,0.42
2009.07.17 15:14:06.646,1.57665,1.57705,3.40,0.42
2009.07.17 15:14:07.006,1.57665,1.57705,3.40,0.42
2009.07.17 15:14:07.346,1.57665,1.57705,3.40,0.42
2009.07.17 15:14:07.856,1.57675,1.577,3.40,1.60
2009.07.17 15:14:08.266,1.57675,1.57705,3.40,0.42
2009.07.17 15:14:08.726,1.57685,1.57705,3.40,0.42
2009.07.17 15:14:09.026,1.57685,1.57705,3.40,0.42
2009.07.17 15:14:09.366,1.57685,1.57705,3.20,0.42
2009.07.17 15:14:09.716,1.5768,1.57705,3.20,0.42
2009.07.17 15:14:10.066,1.5768,1.57705,3.20,0.42
2009.07.17 15:14:10.686,1.5768,1.57705,3.20,0.42
2009.07.17 15:14:11.316,1.5768,1.57705,3.20,0.42
2009.07.17 15:14:11.435,1.5768,1.57705,3.20,0.42
2009.07.17 15:14:11.726,1.57675,1.57705,1.00,0.42
2009.07.17 15:14:12.085,1.5767,1.57705,3.60,0.42
2009.07.17 15:14:12.495,1.5767,1.57705,3.60,0.42
2009.07.17 15:14:12.725,1.5767,1.57705,3.60,0.42
2009.07.17 15:14:12.966,1.5767,1.57705,3.60,0.42
2009.07.17 15:14:13.416,1.5768,1.57705,3.20,0.42
2009.07.17 15:14:13.935,1.5768,1.57705,3.20,0.42
2009.07.17 15:14:14.524,1.5768,1.57705,3.20,0.42
2009.07.17 15:14:15.085,1.5768,1.57705,3.20,0.42
2009.07.17 15:14:15.484,1.57685,1.57705,3.20,0.42
2009.07.17 15:14:15.774,1.57685,1.57705,3.20,0.42
2009.07.17 15:14:15.954,1.57685,1.57705,3.20,0.42
2009.07.17 15:14:16.064,1.57685,1.57705,3.20,0.42
2009.07.17 15:14:16.464,1.57685,1.57705,3.20,0.42
2009.07.17 15:14:16.584,1.57685,1.57705,3.20,0.42
2009.07.17 15:14:16.924,1.57685,1.57705,3.20,0.42
2009.07.17 15:14:17.274,1.57685,1.57705,3.20,0.42
2009.07.17 15:14:17.614,1.57685,1.57705,3.20,0.42
2009.07.17 15:14:17.834,1.57685,1.57705,3.20,0.42
2009.07.17 15:14:18.004,1.5769,1.57705,3.60,0.42
2009.07.17 15:14:18.274,1.5769,1.57705,3.60,0.42
2009.07.17 15:14:18.684,1.5768,1.57705,3.60,0.42
2009.07.17 15:14:19.213,1.5768,1.57705,3.60,0.42
2009.07.17 15:14:19.493,1.5768,1.57705,3.60,0.42
2009.07.17 15:14:20.023,1.5768,1.57705,3.60,0.42
2009.07.17 15:14:20.313,1.5768,1.57705,3.60,0.42
2009.07.17 15:14:20.533,1.5768,1.57705,3.60,0.42
2009.07.17 15:14:20.813,1.5768,1.57705,3.60,0.42
2009.07.17 15:14:21.163,1.5768,1.57705,3.60,0.42
2009.07.17 15:14:21.503,1.5768,1.57705,3.60,0.42
2009.07.17 15:14:21.863,1.5768,1.57705,3.60,0.42
2009.07.17 15:14:24.292,1.5768,1.57705,3.60,0.42
2009.07.17 15:14:24.762,1.5768,1.57705,3.60,0.42
2009.07.17 15:14:25.112,1.5768,1.57705,3.60,0.42
2009.07.17 15:14:25.392,1.5768,1.57705,3.60,0.42
2009.07.17 15:14:25.672,1.5768,1.57705,3.60,0.42
2009.07.17 15:14:25.912,1.5768,1.57705,3.60,0.42
2009.07.17 15:14:26.142,1.5768,1.57705,3.60,0.42
2009.07.17 15:14:26.492,1.5768,1.57705,3.60,0.42
2009.07.17 15:14:27.052,1.5768,1.57705,3.60,0.42
2009.07.17 15:14:27.272,1.57685,1.57705,3.60,0.42
2009.07.17 15:14:27.571,1.57685,1.57705,3.60,0.42
2009.07.17 15:14:27.632,1.57685,1.57705,3.60,0.42
2009.07.17 15:14:27.691,1.57685,1.57705,3.60,0.42
2009.07.17 15:14:27.741,1.57685,1.57705,3.60,0.42
2009.07.17 15:14:27.961,1.57685,1.57705,3.60,0.42
2009.07.17 15:14:28.021,1.57685,1.57705,3.60,0.42
2009.07.17 15:14:28.371,1.57685,1.57705,1.00,0.42
2009.07.17 15:14:28.601,1.5768,1.57705,3.60,0.42
2009.07.17 15:14:28.831,1.5768,1.57705,3.60,0.42
2009.07.17 15:14:29.061,1.5768,1.57705,3.60,0.42
2009.07.17 15:14:29.281,1.5768,1.57705,3.60,0.42
2009.07.17 15:14:29.681,1.5768,1.57705,3.60,0.42
2009.07.17 15:14:29.971,1.5768,1.57705,3.60,0.42
2009.07.17 15:14:30.311,1.5768,1.57705,3.60,0.42
2009.07.17 15:14:30.721,1.5768,1.57705,3.60,0.42
2009.07.17 15:14:31.080,1.5768,1.57705,3.60,0.42
2009.07.17 15:14:31.302,1.57675,1.57705,3.20,0.42
2009.07.17 15:14:31.411,1.57675,1.57705,3.20,0.42
2009.07.17 15:14:31.651,1.57675,1.57705,3.20,0.42
2009.07.17 15:14:31.761,1.57675,1.57705,3.20,0.42
2009.07.17 15:14:31.820,1.57675,1.57705,3.20,0.42
2009.07.17 15:14:32.150,1.57675,1.57705,3.20,0.42
2009.07.17 15:14:32.680,1.57675,1.57705,3.20,0.42
2009.07.17 15:14:33.250,1.57675,1.57705,3.20,0.42
2009.07.17 15:14:33.420,1.57675,1.57705,3.20,0.42
2009.07.17 15:14:33.660,1.57675,1.57705,3.20,0.42
2009.07.17 15:14:33.830,1.57675,1.57705,3.20,0.42
2009.07.17 15:14:34.180,1.57675,1.57705,3.20,0.42
2009.07.17 15:14:34.520,1.57675,1.57705,3.20,0.42
2009.07.17 15:14:34.980,1.57675,1.57705,3.20,0.42
2009.07.17 15:14:35.220,1.57675,1.57705,3.20,0.42
2009.07.17 15:14:35.510,1.57675,1.57705,3.20,0.42
2009.07.17 15:14:35.959,1.5767,1.577,1.00,1.60
2009.07.17 15:14:36.430,1.5767,1.57705,1.00,0.42
2009.07.17 15:14:36.839,1.5767,1.57705,3.60,0.42
2009.07.17 15:14:37.239,1.5767,1.57705,3.60,0.42
2009.07.17 15:14:37.479,1.5767,1.57705,3.20,0.42
2009.07.17 15:14:37.659,1.5766,1.57705,10.40,0.42
2009.07.17 15:14:37.879,1.5766,1.57705,3.20,2.42
2009.07.17 15:14:38.109,1.5766,1.57705,3.20,2.42
2009.07.17 15:14:38.509,1.5766,1.57705,3.20,2.42
2009.07.17 15:14:38.799,1.5766,1.57705,3.20,2.42
2009.07.17 15:14:39.079,1.5766,1.57705,3.20,2.42
2009.07.17 15:14:39.349,1.5766,1.57705,3.20,2.42
2009.07.17 15:14:39.698,1.5766,1.57705,3.20,2.42
2009.07.17 15:14:40.048,1.5766,1.57705,3.20,2.42
2009.07.17 15:14:40.558,1.5766,1.57705,3.20,2.42
2009.07.17 15:14:40.918,1.5766,1.57705,3.20,2.42
2009.07.17 15:14:41.098,1.5766,1.57705,3.20,2.42
2009.07.17 15:14:41.718,1.57655,1.577,9.80,3.20
2009.07.17 15:14:42.588,1.57655,1.577,3.40,3.20
2009.07.17 15:14:43.718,1.57645,1.57695,13.20,3.20
2009.07.17 15:14:44.288,1.57645,1.57695,6.80,3.20
2009.07.17 15:14:45.857,1.57645,1.5769,6.80,3.20
2009.07.17 15:14:45.967,1.57645,1.5769,3.40,3.20
2009.07.17 15:14:48.147,1.57655,1.57705,3.20,0.42
2009.07.17 15:14:48.316,1.57655,1.57705,3.20,0.42
2009.07.17 15:14:48.486,1.57655,1.57705,3.20,0.42
2009.07.17 15:14:48.716,1.57655,1.57705,3.20,0.42
2009.07.17 15:14:48.886,1.57655,1.57705,3.20,0.42
2009.07.17 15:14:49.166,1.57655,1.57705,3.20,0.42
2009.07.17 15:14:49.526,1.57655,1.57705,3.20,0.42
2009.07.17 15:14:49.876,1.57655,1.57705,3.20,0.42
2009.07.17 15:14:50.216,1.57665,1.57705,3.20,0.42
2009.07.17 15:14:50.446,1.57665,1.57705,3.20,0.42
2009.07.17 15:14:50.736,1.57665,1.57705,3.20,0.42
2009.07.17 15:14:51.186,1.57665,1.57705,3.20,0.42
2009.07.17 15:14:51.416,1.57665,1.57705,3.20,0.42
2009.07.17 15:14:51.706,1.57665,1.57705,3.20,0.42
2009.07.17 15:14:52.247,1.57665,1.57705,3.20,0.42
2009.07.17 15:14:52.525,1.57665,1.57705,3.20,0.42
2009.07.17 15:14:52.685,1.57665,1.57705,3.20,0.42
2009.07.17 15:14:53.025,1.57665,1.57705,3.20,0.42
2009.07.17 15:14:53.255,1.57665,1.57705,3.20,0.42
2009.07.17 15:14:53.485,1.57665,1.57705,3.20,0.42
2009.07.17 15:14:53.655,1.57655,1.57705,10.00,0.42
2009.07.17 15:14:53.825,1.57655,1.57705,10.00,0.42
2009.07.17 15:14:53.995,1.57655,1.57705,10.00,0.42
2009.07.17 15:14:54.225,1.57655,1.57705,10.00,0.42
2009.07.17 15:14:54.405,1.57655,1.57705,10.00,0.42
2009.07.17 15:14:54.585,1.57655,1.57705,10.00,0.42
2009.07.17 15:14:54.765,1.57655,1.57705,10.00,0.42
2009.07.17 15:14:54.885,1.57655,1.57705,10.00,0.42
2009.07.17 15:14:55.315,1.57655,1.57705,10.00,0.42
2009.07.17 15:14:55.605,1.57655,1.57705,10.00,0.42
2009.07.17 15:14:56.135,1.57655,1.57705,10.00,0.42
2009.07.17 15:14:56.435,1.57655,1.57705,10.00,0.42
2009.07.17 15:14:56.844,1.5766,1.57705,1.00,0.42
2009.07.17 15:14:57.074,1.5766,1.57705,1.00,0.42
2009.07.17 15:14:57.184,1.5766,1.57705,1.00,0.42
2009.07.17 15:14:57.714,1.5766,1.57705,1.00,0.42
2009.07.17 15:14:58.104,1.5766,1.577,1.00,3.20
2009.07.17 15:14:58.564,1.57645,1.577,17.40,3.40
2009.07.17 15:14:59.084,1.57655,1.577,3.20,3.40
2009.07.17 15:14:59.994,1.57655,1.577,9.60,3.20
2009.07.17 15:15:02.324,1.5765,1.577,6.40,3.20
2009.07.17 15:15:02.723,1.5766,1.57705,3.20,6.62
2009.07.17 15:15:03.413,1.57665,1.57705,3.20,0.42
2009.07.17 15:15:03.943,1.57655,1.57705,3.20,0.42
2009.07.17 15:15:04.702,1.5767,1.57705,8.00,0.42
2009.07.17 15:15:05.093,1.57645,1.577,3.20,1.60
2009.07.17 15:15:06.002,1.57645,1.57705,3.20,0.42
2009.07.17 15:15:06.452,1.57655,1.57705,6.40,0.42
2009.07.17 15:15:06.792,1.57665,1.57705,1.80,0.42
2009.07.17 15:15:07.252,1.57665,1.57705,4.80,0.42
2009.07.17 15:15:07.602,1.57665,1.57705,3.20,0.42
2009.07.17 15:15:08.062,1.57665,1.57705,3.20,0.42
2009.07.17 15:15:08.522,1.57665,1.57705,3.20,0.42
2009.07.17 15:15:08.701,1.5766,1.57705,3.60,0.42
2009.07.17 15:15:08.982,1.5766,1.57705,6.40,0.42
2009.07.17 15:15:09.492,1.5766,1.57705,6.40,0.42
2009.07.17 15:15:09.961,1.5766,1.57705,14.40,0.42
2009.07.17 15:15:10.311,1.5767,1.57705,6.40,0.42
2009.07.17 15:15:10.721,1.5767,1.57705,8.00,0.42
2009.07.17 15:15:11.021,1.57675,1.57705,6.40,0.42
2009.07.17 15:15:11.481,1.5767,1.57705,1.80,0.42
2009.07.17 15:15:11.821,1.5768,1.57705,1.60,0.42
2009.07.17 15:15:12.383,1.57665,1.57705,3.60,0.42
2009.07.17 15:15:12.731,1.57665,1.57705,3.60,0.42
2009.07.17 15:15:13.081,1.57665,1.57705,3.60,0.42
2009.07.17 15:15:13.440,1.57665,1.57705,3.60,0.42
2009.07.17 15:15:13.561,1.57665,1.57705,3.60,0.42
2009.07.17 15:15:13.850,1.57665,1.57705,3.60,0.42
2009.07.17 15:15:14.080,1.57665,1.57705,3.60,0.42
2009.07.17 15:15:14.420,1.57665,1.57705,3.60,0.42
2009.07.17 15:15:14.760,1.57665,1.57705,3.60,0.42
2009.07.17 15:15:15.100,1.57665,1.57705,3.60,0.42
2009.07.17 15:15:15.330,1.57665,1.57705,3.60,0.42
2009.07.17 15:15:15.561,1.57665,1.57705,3.60,0.42
2009.07.17 15:15:15.860,1.57665,1.57705,3.60,0.42
2009.07.17 15:15:16.080,1.57665,1.57705,3.60,0.42
2009.07.17 15:15:16.491,1.57665,1.57705,3.60,0.42
2009.07.17 15:15:16.830,1.57665,1.57705,3.60,0.42
2009.07.17 15:15:17.009,1.57665,1.57705,3.60,0.42
2009.07.17 15:15:17.249,1.57665,1.57705,3.60,0.42
2009.07.17 15:15:17.829,1.57665,1.57705,3.60,0.42
2009.07.17 15:15:18.069,1.57665,1.57705,3.60,0.42
2009.07.17 15:15:18.309,1.57665,1.57705,3.60,0.42
2009.07.17 15:15:18.759,1.57665,1.57705,3.60,0.42
2009.07.17 15:15:18.979,1.57665,1.57705,3.60,0.42
2009.07.17 15:15:19.159,1.57665,1.57705,3.60,0.42
2009.07.17 15:15:19.399,1.57665,1.57705,3.60,0.42
2009.07.17 15:15:19.579,1.57665,1.57705,3.60,0.42
2009.07.17 15:15:19.819,1.57665,1.57705,3.60,0.42
2009.07.17 15:15:20.229,1.57665,1.57705,3.60,0.42
2009.07.17 15:15:20.409,1.57665,1.57705,3.60,0.42
2009.07.17 15:15:20.699,1.57665,1.57705,3.60,0.42
2009.07.17 15:15:20.919,1.57665,1.57705,3.60,0.42
2009.07.17 15:15:21.038,1.57665,1.57705,3.60,0.42
2009.07.17 15:15:21.218,1.57665,1.57705,3.60,0.42
2009.07.17 15:15:21.398,1.57665,1.57705,3.60,0.42
2009.07.17 15:15:21.628,1.57665,1.57705,3.60,0.42
2009.07.17 15:15:21.688,1.57665,1.57705,3.60,0.42
2009.07.17 15:15:21.749,1.57665,1.57705,3.60,0.42
2009.07.17 15:15:21.858,1.57665,1.57705,3.60,0.42
2009.07.17 15:15:21.918,1.57665,1.57705,3.60,0.42
2009.07.17 15:15:22.188,1.57665,1.57705,3.60,0.42
2009.07.17 15:15:22.298,1.57665,1.57705,3.20,0.42
2009.07.17 15:15:22.660,1.5768,1.57705,3.20,0.42
2009.07.17 15:15:23.019,1.57675,1.57705,1.00,0.42
2009.07.17 15:15:23.438,1.5769,1.57705,1.60,0.42
2009.07.17 15:15:23.728,1.57695,1.57705,3.20,0.42
2009.07.17 15:15:24.068,1.57665,1.57705,3.20,0.42
2009.07.17 15:15:24.418,1.57665,1.57705,3.20,0.42
2009.07.17 15:15:24.888,1.57665,1.57705,3.20,0.42
2009.07.17 15:15:25.228,1.57675,1.57705,3.20,0.42
2009.07.17 15:15:25.557,1.57675,1.57705,3.20,0.42
2009.07.17 15:15:25.907,1.57675,1.57705,3.20,0.42
2009.07.17 15:15:26.247,1.57675,1.57705,3.60,0.42
2009.07.17 15:15:26.417,1.57685,1.57705,3.20,0.42
2009.07.17 15:15:26.657,1.57685,1.57705,3.20,0.42
2009.07.17 15:15:26.767,1.57685,1.57705,3.20,0.42
2009.07.17 15:15:26.947,1.57685,1.57705,3.20,0.42
2009.07.17 15:15:27.307,1.57685,1.57705,3.20,0.42
2009.07.17 15:15:27.417,1.57685,1.57705,3.20,0.42
2009.07.17 15:15:27.537,1.5768,1.57705,3.20,0.42
2009.07.17 15:15:27.817,1.5768,1.57705,3.20,0.42
2009.07.17 15:15:27.937,1.5768,1.57705,3.20,0.42
2009.07.17 15:15:28.327,1.5768,1.57705,3.20,0.42
2009.07.17 15:15:28.497,1.5768,1.57705,3.20,0.42
2009.07.17 15:15:28.677,1.5768,1.57705,3.20,0.42
2009.07.17 15:15:29.007,1.5768,1.57705,3.20,0.42
2009.07.17 15:15:29.247,1.5768,1.57705,3.20,0.42
2009.07.17 15:15:29.667,1.57675,1.57705,3.20,0.42
2009.07.17 15:15:33.626,1.57675,1.57695,3.20,1.00
2009.07.17 15:15:33.745,1.5768,1.57695,3.20,1.00
2009.07.17 15:15:42.484,1.57675,1.5768,3.40,1.00
2009.07.17 15:15:42.944,1.5768,1.57705,3.20,0.42
2009.07.17 15:15:43.234,1.5768,1.57705,3.20,0.42
2009.07.17 15:15:43.404,1.57665,1.57705,11.20,0.42
2009.07.17 15:15:43.523,1.57665,1.57705,11.20,0.42
2009.07.17 15:15:43.805,1.57665,1.57705,3.20,0.42
2009.07.17 15:15:43.974,1.57665,1.57705,3.20,0.42
2009.07.17 15:15:44.373,1.5766,1.57705,3.20,0.42
2009.07.17 15:15:44.833,1.5766,1.57705,3.20,0.42
2009.07.17 15:15:45.113,1.5766,1.57705,3.20,0.42
2009.07.17 15:15:45.403,1.5766,1.57705,3.20,0.42
2009.07.17 15:15:45.643,1.5766,1.57705,3.20,0.42
2009.07.17 15:15:45.933,1.57665,1.57705,3.20,0.42
2009.07.17 15:15:46.453,1.57665,1.57705,3.20,0.42
2009.07.17 15:15:46.783,1.57665,1.57705,3.20,0.42
2009.07.17 15:15:46.893,1.57665,1.57705,3.20,0.42
2009.07.17 15:15:47.193,1.57665,1.57705,3.20,0.42
2009.07.17 15:15:47.413,1.57665,1.57705,3.20,0.42
2009.07.17 15:15:47.803,1.57665,1.57705,3.20,0.42
2009.07.17 15:15:47.972,1.57665,1.57705,3.20,0.42
2009.07.17 15:15:48.152,1.57665,1.57705,3.20,0.42
2009.07.17 15:15:48.603,1.57665,1.57705,3.20,0.42
2009.07.17 15:15:48.722,1.57665,1.57705,3.20,0.42
2009.07.17 15:15:49.102,1.57665,1.57705,3.20,0.42
2009.07.17 15:15:49.382,1.57665,1.57705,3.20,0.42
2009.07.17 15:15:49.612,1.57665,1.57705,3.20,0.42
2009.07.17 15:15:54.231,1.57665,1.57705,6.40,0.42
2009.07.17 15:15:54.571,1.5767,1.57705,3.20,0.42
2009.07.17 15:15:55.081,1.5767,1.57705,3.20,0.42
2009.07.17 15:15:55.601,1.5767,1.57705,3.20,0.42
2009.07.17 15:15:56.431,1.5767,1.57705,3.20,0.42
2009.07.17 15:15:56.910,1.5767,1.57705,3.20,0.42
2009.07.17 15:15:57.020,1.5767,1.57705,3.20,0.42
2009.07.17 15:15:57.490,1.5767,1.57705,3.20,0.42
2009.07.17 15:15:57.610,1.5767,1.57705,3.20,0.42
2009.07.17 15:15:58.150,1.5767,1.57705,3.20,0.42
2009.07.17 15:15:58.430,1.5767,1.57705,3.20,0.42
2009.07.17 15:15:58.960,1.5767,1.57705,3.20,0.42
2009.07.17 15:15:59.140,1.5767,1.57705,3.20,0.42
2009.07.17 15:15:59.320,1.5767,1.57705,3.20,0.42
2009.07.17 15:15:59.840,1.5767,1.57705,3.20,0.42
2009.07.17 15:16:00.200,1.5767,1.57705,3.20,0.42
2009.07.17 15:16:00.490,1.5767,1.57705,3.20,0.42
2009.07.17 15:16:00.850,1.5767,1.57705,3.20,0.42
2009.07.17 15:16:01.359,1.5767,1.57705,3.20,0.42
2009.07.17 15:16:01.939,1.5767,1.57705,3.20,0.42
2009.07.17 15:16:02.279,1.5767,1.57705,3.20,0.42
2009.07.17 15:16:02.559,1.5767,1.57705,3.20,0.42
2009.07.17 15:16:02.849,1.5767,1.57705,3.20,0.42
2009.07.17 15:16:03.079,1.5767,1.57705,3.20,0.42
2009.07.17 15:16:03.669,1.5767,1.57705,3.20,0.42
2009.07.17 15:16:03.839,1.5767,1.57705,3.20,0.42
2009.07.17 15:16:06.148,1.5767,1.57705,6.40,0.42
2009.07.17 15:16:06.508,1.57665,1.57705,9.80,0.42
2009.07.17 15:16:06.868,1.57665,1.57705,9.80,0.42
2009.07.17 15:16:07.038,1.57665,1.57705,9.80,0.42
2009.07.17 15:16:07.329,1.57665,1.57705,9.80,0.42
2009.07.17 15:16:07.508,1.57665,1.57705,9.80,0.42
2009.07.17 15:16:08.208,1.57665,1.57705,9.80,0.42
2009.07.17 15:16:08.898,1.57665,1.57705,9.80,0.42
2009.07.17 15:16:09.247,1.57665,1.57705,9.80,0.42
2009.07.17 15:16:09.587,1.57665,1.57705,9.80,0.42
2009.07.17 15:16:09.937,1.57665,1.57705,9.80,0.42
2009.07.17 15:16:10.497,1.57665,1.57705,9.80,0.42
2009.07.17 15:16:10.827,1.57665,1.57705,9.80,0.42
2009.07.17 15:16:11.057,1.57665,1.57705,9.80,0.42
2009.07.17 15:16:11.407,1.57665,1.57705,9.80,0.42
2009.07.17 15:16:11.747,1.57665,1.57705,9.80,0.42
2009.07.17 15:16:12.137,1.57665,1.57705,9.80,0.42
2009.07.17 15:16:12.487,1.57665,1.57705,9.80,0.42
2009.07.17 15:16:12.776,1.57665,1.57705,9.80,0.42
2009.07.17 15:16:12.987,1.57665,1.57705,9.80,0.42
2009.07.17 15:16:13.279,1.57665,1.57705,9.80,0.42
2009.07.17 15:16:14.026,1.5767,1.57705,3.20,0.42
2009.07.17 15:16:14.416,1.57675,1.57705,13.00,0.42
2009.07.17 15:16:14.707,1.57685,1.57705,3.20,0.42
2009.07.17 15:16:15.286,1.57685,1.57705,3.20,0.42
2009.07.17 15:16:15.638,1.5768,1.57705,17.00,0.42
2009.07.17 15:16:15.987,1.5768,1.57705,6.40,0.42
2009.07.17 15:16:16.396,1.57675,1.57705,13.60,0.42
2009.07.17 15:16:16.746,1.5767,1.57705,7.20,0.42
2009.07.17 15:16:17.305,1.57665,1.57705,1.80,0.42
2009.07.17 15:16:17.536,1.57665,1.57705,1.80,0.42
2009.07.17 15:16:17.595,1.57665,1.57705,1.80,0.42
2009.07.17 15:16:18.316,1.57665,1.57705,1.80,0.42
2009.07.17 15:16:18.485,1.5767,1.57705,1.00,0.42
2009.07.17 15:16:18.825,1.5767,1.57705,8.20,0.42
2009.07.17 15:16:18.945,1.5767,1.57705,8.20,0.42
2009.07.17 15:16:19.235,1.5767,1.57705,8.20,0.42
2009.07.17 15:16:19.585,1.5767,1.57705,8.20,0.42
2009.07.17 15:16:19.755,1.5767,1.57705,8.20,0.42
2009.07.17 15:16:20.325,1.5767,1.57705,8.20,0.42
2009.07.17 15:16:20.674,1.5767,1.57705,8.20,0.42
2009.07.17 15:16:20.964,1.5767,1.57705,8.20,0.42
2009.07.17 15:16:21.314,1.5767,1.57705,8.20,0.42
2009.07.17 15:16:21.485,1.5767,1.57705,8.20,0.42
2009.07.17 15:16:21.765,1.5767,1.57705,8.20,0.42
2009.07.17 15:16:22.114,1.5767,1.57705,8.20,0.42
2009.07.17 15:16:22.454,1.5767,1.57705,8.20,0.42
2009.07.17 15:16:22.624,1.5767,1.57705,8.20,0.42
2009.07.17 15:16:22.864,1.5767,1.57705,8.20,0.42
2009.07.17 15:16:23.274,1.5767,1.57705,8.20,0.42
2009.07.17 15:16:23.674,1.5767,1.57705,8.20,0.42
2009.07.17 15:16:23.844,1.5767,1.57705,8.20,0.42
2009.07.17 15:16:24.174,1.5767,1.57705,8.20,0.42
2009.07.17 15:16:24.344,1.5767,1.57705,8.20,0.42
2009.07.17 15:16:24.703,1.5767,1.57705,1.80,0.42
2009.07.17 15:16:25.053,1.57675,1.57705,1.00,0.42
2009.07.17 15:16:25.403,1.57675,1.57705,1.00,0.42
2009.07.17 15:16:25.993,1.57675,1.57705,1.00,0.42
2009.07.17 15:16:28.183,1.5768,1.57705,3.20,0.42
2009.07.17 15:16:28.833,1.5768,1.57705,3.20,0.42
2009.07.17 15:16:29.233,1.57665,1.57705,22.20,0.42
2009.07.17 15:16:29.583,1.57665,1.57705,22.20,0.42
2009.07.17 15:16:29.942,1.57665,1.57705,22.20,0.42
2009.07.17 15:16:30.492,1.5767,1.57705,4.80,0.42
2009.07.17 15:16:31.112,1.57675,1.57705,1.00,0.42
2009.07.17 15:16:31.493,1.57675,1.57705,8.00,0.42
2009.07.17 15:16:31.782,1.57665,1.57705,12.80,0.42
2009.07.17 15:16:32.182,1.57665,1.57705,4.80,0.42
2009.07.17 15:16:32.582,1.57665,1.57705,5.00,0.42
2009.07.17 15:16:32.822,1.57665,1.57705,5.00,0.42
2009.07.17 15:16:33.542,1.57665,1.57705,5.00,0.42
2009.07.17 15:16:33.721,1.57665,1.57705,5.00,0.42
2009.07.17 15:16:34.061,1.57665,1.57705,5.00,0.42
2009.07.17 15:16:34.471,1.57665,1.57705,5.00,0.42
2009.07.17 15:16:34.641,1.57665,1.57705,5.00,0.42
2009.07.17 15:16:34.991,1.57665,1.57705,5.00,0.42
2009.07.17 15:16:35.571,1.57665,1.57705,5.00,0.42
2009.07.17 15:16:35.861,1.57665,1.57705,5.00,0.42
2009.07.17 15:16:36.251,1.57665,1.57705,5.00,0.42
2009.07.17 15:16:36.551,1.57665,1.57705,5.00,0.42
2009.07.17 15:16:36.721,1.57665,1.57705,5.00,0.42
2009.07.17 15:16:37.071,1.57665,1.57705,5.00,0.42
2009.07.17 15:16:37.650,1.57665,1.57705,5.00,0.42
2009.07.17 15:16:37.701,1.57665,1.57705,3.40,0.42
2009.07.17 15:16:37.820,1.5767,1.57705,8.00,0.42
2009.07.17 15:16:38.110,1.5767,1.57705,8.00,0.42
2009.07.17 15:16:38.281,1.5767,1.57705,8.00,0.42
2009.07.17 15:16:38.620,1.5767,1.57705,8.00,0.42
2009.07.17 15:16:38.790,1.5767,1.57705,8.00,0.42
2009.07.17 15:16:39.180,1.57645,1.57705,13.00,0.42
2009.07.17 15:16:39.410,1.57645,1.57705,13.00,0.42
2009.07.17 15:16:39.760,1.5765,1.57705,8.20,0.42
2009.07.17 15:16:40.160,1.5765,1.57705,8.20,0.42
2009.07.17 15:16:40.690,1.5765,1.57705,13.00,0.42
2009.07.17 15:16:41.080,1.5765,1.57695,8.00,6.40
2009.07.17 15:16:41.430,1.5765,1.57705,9.60,0.42
2009.07.17 15:16:41.490,1.5765,1.5769,9.60,1.60
2009.07.17 15:16:41.549,1.5765,1.5769,3.20,1.60
2009.07.17 15:16:41.669,1.5765,1.57705,3.20,5.42
2009.07.17 15:16:41.900,1.5765,1.57705,3.20,0.42
2009.07.17 15:16:42.010,1.5765,1.57705,3.20,0.42
2009.07.17 15:16:42.069,1.5765,1.57705,3.20,0.42
2009.07.17 15:16:42.309,1.5765,1.57705,4.80,0.42
2009.07.17 15:16:42.769,1.5765,1.57705,12.80,0.42
2009.07.17 15:16:43.060,1.5765,1.57705,4.80,0.42
2009.07.17 15:16:43.289,1.5765,1.57705,4.80,0.42
2009.07.17 15:16:43.399,1.5765,1.57705,4.80,0.42
2009.07.17 15:16:43.699,1.5765,1.57705,4.80,0.42
2009.07.17 15:16:44.039,1.5765,1.57705,4.80,0.42
2009.07.17 15:16:44.399,1.5765,1.57705,4.80,0.42
2009.07.17 15:16:44.749,1.5765,1.57705,5.00,0.42
2009.07.17 15:16:45.089,1.5765,1.57705,5.00,0.42
2009.07.17 15:16:45.318,1.5765,1.57705,5.00,0.42
2009.07.17 15:16:45.708,1.5765,1.57705,5.00,0.42
2009.07.17 15:16:45.878,1.5765,1.57705,5.00,0.42
2009.07.17 15:16:46.338,1.5765,1.57705,5.00,0.42
2009.07.17 15:16:46.398,1.5765,1.57705,5.00,0.42
2009.07.17 15:16:46.458,1.5765,1.57705,5.00,0.42
2009.07.17 15:16:46.508,1.5765,1.57705,5.00,0.42
2009.07.17 15:16:46.569,1.5765,1.57705,5.00,0.42
2009.07.17 15:16:46.978,1.5765,1.57705,5.00,0.42
2009.07.17 15:16:47.088,1.5765,1.57705,5.00,0.42
2009.07.17 15:16:47.149,1.5765,1.57705,5.00,0.42
2009.07.17 15:16:47.428,1.57655,1.57705,1.60,0.42
2009.07.17 15:16:47.708,1.5766,1.57705,1.00,0.42
2009.07.17 15:16:48.461,1.5766,1.57705,1.00,0.42
2009.07.17 15:16:48.638,1.5766,1.57705,1.00,0.42
2009.07.17 15:16:48.868,1.5766,1.57705,1.00,0.42
2009.07.17 15:16:49.208,1.5766,1.57705,1.00,0.42
2009.07.17 15:16:49.378,1.5766,1.57705,1.00,0.42
2009.07.17 15:16:49.617,1.5766,1.57705,1.00,0.42
2009.07.17 15:16:49.737,1.5766,1.57705,1.00,0.42
2009.07.17 15:16:52.357,1.57665,1.57705,1.60,0.42
2009.07.17 15:16:52.837,1.5767,1.57705,1.00,0.42
2009.07.17 15:16:53.227,1.5767,1.57705,1.00,0.42
2009.07.17 15:16:53.627,1.5767,1.57705,1.00,0.42
2009.07.17 15:16:53.797,1.5767,1.57705,1.00,0.42
2009.07.17 15:16:54.097,1.5767,1.57705,1.00,0.42
2009.07.17 15:16:54.446,1.5767,1.57705,1.00,0.42
2009.07.17 15:16:54.976,1.5767,1.57705,1.00,0.42
2009.07.17 15:16:55.256,1.5767,1.57705,1.00,0.42
2009.07.17 15:16:55.486,1.5767,1.57705,1.00,0.42
2009.07.17 15:16:55.836,1.5766,1.57705,9.80,0.42
2009.07.17 15:16:56.356,1.5766,1.57705,1.00,0.42
2009.07.17 15:16:56.706,1.5766,1.57705,1.00,0.42
2009.07.17 15:16:57.066,1.5766,1.57705,1.00,0.42
2009.07.17 15:16:57.246,1.5766,1.57705,1.80,0.42
2009.07.17 15:16:57.466,1.5766,1.57705,1.80,0.42
2009.07.17 15:16:57.696,1.5766,1.57705,1.80,0.42
2009.07.17 15:16:58.156,1.5766,1.57705,1.80,0.42
2009.07.17 15:16:58.326,1.5766,1.57705,15.60,0.42
2009.07.17 15:16:58.675,1.5766,1.57705,15.60,0.42
2009.07.17 15:16:59.125,1.5766,1.57705,9.20,0.42
2009.07.17 15:16:59.635,1.57665,1.57705,1.60,0.42
2009.07.17 15:16:59.685,1.57665,1.57705,1.60,0.42
2009.07.17 15:17:00.145,1.57665,1.57705,1.60,0.42
2009.07.17 15:17:00.795,1.5767,1.57705,1.60,0.42
2009.07.17 15:17:01.135,1.5767,1.57705,1.00,0.42
2009.07.17 15:17:01.485,1.5766,1.57705,18.80,0.42
2009.07.17 15:17:01.775,1.57665,1.57705,1.60,0.42
2009.07.17 15:17:04.384,1.57655,1.57705,9.20,0.42
2009.07.17 15:17:04.914,1.57665,1.57705,1.00,0.42
2009.07.17 15:17:05.244,1.57665,1.57705,1.00,0.42
2009.07.17 15:17:05.594,1.5767,1.57705,1.60,0.42
2009.07.17 15:17:06.124,1.57685,1.57705,1.60,0.42
2009.07.17 15:17:06.534,1.57685,1.57705,4.80,0.42
2009.07.17 15:17:06.714,1.5769,1.57705,1.60,0.42
2009.07.17 15:17:06.953,1.5769,1.57705,1.60,0.42
2009.07.17 15:17:07.513,1.57695,1.57705,1.60,0.42
2009.07.17 15:17:07.803,1.57695,1.57705,1.60,0.42
2009.07.17 15:17:08.093,1.57695,1.57705,1.60,0.42
2009.07.17 15:17:08.433,1.57695,1.57705,1.60,0.42
2009.07.17 15:17:08.883,1.57695,1.57705,1.60,0.42
2009.07.17 15:17:09.063,1.57695,1.57705,1.60,0.42
2009.07.17 15:17:09.403,1.57695,1.57705,1.60,0.42
2009.07.17 15:17:09.803,1.57695,1.57705,1.60,0.42
2009.07.17 15:17:10.093,1.57695,1.57705,1.60,0.42
2009.07.17 15:17:10.612,1.57695,1.57705,1.60,0.42
2009.07.17 15:17:10.843,1.57695,1.57705,1.60,0.42
2009.07.17 15:17:11.012,1.57695,1.57705,1.60,0.42
2009.07.17 15:17:11.352,1.57695,1.57705,1.60,0.42
2009.07.17 15:17:11.692,1.57695,1.57705,1.60,0.42
2009.07.17 15:17:11.992,1.57695,1.57705,1.60,0.42
2009.07.17 15:17:12.393,1.57695,1.57705,1.60,0.42
2009.07.17 15:17:12.562,1.57695,1.57705,1.80,0.42
2009.07.17 15:17:12.903,1.5769,1.57705,8.00,0.42
2009.07.17 15:17:13.072,1.5769,1.57705,1.60,0.42
2009.07.17 15:17:13.352,1.5769,1.57705,1.60,0.42
2009.07.17 15:17:13.752,1.5769,1.57705,1.60,0.42
2009.07.17 15:17:14.102,1.5769,1.57705,1.60,0.42
2009.07.17 15:17:14.392,1.5769,1.57705,1.60,0.42
2009.07.17 15:17:14.921,1.5769,1.57705,1.60,0.42
2009.07.17 15:17:15.281,1.5769,1.57705,1.60,0.42
2009.07.17 15:17:15.621,1.5769,1.57705,1.60,0.42
2009.07.17 15:17:16.181,1.5769,1.57705,1.60,0.42
2009.07.17 15:17:16.361,1.5769,1.57705,1.60,0.42
2009.07.17 15:17:16.541,1.5769,1.57705,1.60,0.42
2009.07.17 15:17:16.871,1.5769,1.57705,1.60,0.42
2009.07.17 15:17:16.991,1.5769,1.57705,1.60,0.42
2009.07.17 15:17:17.111,1.5769,1.57705,1.60,0.42
2009.07.17 15:17:17.221,1.5769,1.57705,1.60,0.42
2009.07.17 15:17:17.511,1.5769,1.57705,1.60,0.42
2009.07.17 15:17:17.621,1.5769,1.57705,1.60,0.42
2009.07.17 15:17:17.801,1.5769,1.57705,1.60,0.42
2009.07.17 15:17:17.911,1.5769,1.57705,1.60,0.42
2009.07.17 15:17:18.031,1.5769,1.57705,1.60,0.42
2009.07.17 15:17:20.360,1.5769,1.57705,3.20,0.42
2009.07.17 15:17:20.710,1.5769,1.57705,3.20,0.42
2009.07.17 15:17:21.070,1.5769,1.57705,3.20,0.42
2009.07.17 15:17:21.600,1.57695,1.57705,3.20,0.42
2009.07.17 15:17:22.110,1.577,1.57705,3.20,0.42
2009.07.17 15:17:22.290,1.577,1.57705,3.20,0.42
2009.07.17 15:17:22.580,1.577,1.57705,3.20,0.42
2009.07.17 15:17:22.700,1.577,1.57705,3.20,0.42
2009.07.17 15:17:22.990,1.577,1.57705,3.20,0.42
2009.07.17 15:17:23.340,1.577,1.57705,3.20,0.42
2009.07.17 15:17:23.860,1.577,1.57705,3.20,0.42
2009.07.17 15:17:24.439,1.577,1.57705,3.20,0.42
2009.07.17 15:17:24.559,1.577,1.57705,3.20,0.42
2009.07.17 15:17:24.849,1.577,1.57705,3.20,0.42
2009.07.17 15:17:25.309,1.577,1.57705,3.20,0.42
2009.07.17 15:17:25.419,1.577,1.57705,3.20,0.42
2009.07.17 15:17:25.769,1.577,1.57705,3.20,0.42
2009.07.17 15:17:26.129,1.577,1.57705,3.20,0.42
2009.07.17 15:17:26.469,1.577,1.57705,3.20,0.42
2009.07.17 15:17:26.639,1.577,1.57705,3.20,0.42
2009.07.17 15:17:26.819,1.577,1.57705,3.20,0.42
2009.07.17 15:17:27.159,1.57695,1.57705,11.40,0.42
2009.07.17 15:17:27.619,1.577,1.57705,1.20,0.42
2009.07.17 15:17:28.258,1.57685,1.57705,26.80,0.42
2009.07.17 15:17:28.608,1.57685,1.57705,18.80,0.42
2009.07.17 15:17:28.998,1.57685,1.57705,11.40,0.42
2009.07.17 15:17:29.578,1.57685,1.57705,9.80,0.42
2009.07.17 15:17:29.928,1.5768,1.57705,6.40,0.42
2009.07.17 15:17:30.268,1.57675,1.57705,3.40,0.42
2009.07.17 15:17:30.608,1.57675,1.57705,3.40,0.42
2009.07.17 15:17:31.008,1.57675,1.57705,3.40,0.42
2009.07.17 15:17:31.469,1.57675,1.57705,3.40,0.42
2009.07.17 15:17:31.978,1.5769,1.57705,1.60,0.42
2009.07.17 15:17:32.427,1.57675,1.57705,9.80,0.42
2009.07.17 15:17:32.717,1.57675,1.57705,9.80,0.42
2009.07.17 15:17:33.047,1.57675,1.57705,9.80,0.42
2009.07.17 15:17:33.217,1.57675,1.57705,9.80,0.42
2009.07.17 15:17:33.507,1.57675,1.57705,9.80,0.42
2009.07.17 15:17:33.807,1.57675,1.57705,9.80,0.42
2009.07.17 15:17:34.187,1.57675,1.57705,9.80,0.42
2009.07.17 15:17:34.467,1.57675,1.57705,9.80,0.42
2009.07.17 15:17:34.587,1.57675,1.57705,9.80,0.42
2009.07.17 15:17:34.867,1.57675,1.57705,9.80,0.42
2009.07.17 15:17:35.207,1.57675,1.57705,9.80,0.42
2009.07.17 15:17:35.727,1.57675,1.57705,9.80,0.42
2009.07.17 15:17:36.066,1.57675,1.57705,9.80,0.42
2009.07.17 15:17:38.306,1.57675,1.57705,9.80,0.42
2009.07.17 15:17:38.516,1.57675,1.57705,9.80,0.42
2009.07.17 15:17:39.046,1.57675,1.57705,9.80,0.42
2009.07.17 15:17:39.336,1.57675,1.57705,9.80,0.42
2009.07.17 15:17:39.626,1.57675,1.57705,9.80,0.42
2009.07.17 15:17:39.745,1.57675,1.57705,9.80,0.42
2009.07.17 15:17:44.535,1.5769,1.57705,1.60,0.42
2009.07.17 15:17:44.884,1.5768,1.57705,2.40,0.42
2009.07.17 15:17:45.244,1.57675,1.57705,9.80,0.42
2009.07.17 15:17:45.534,1.57675,1.57705,9.80,0.42
2009.07.17 15:17:45.934,1.57675,1.57705,9.80,0.42
2009.07.17 15:17:46.545,1.57675,1.57705,9.80,0.42
2009.07.17 15:17:47.114,1.5767,1.57705,8.00,0.42
2009.07.17 15:17:47.284,1.5767,1.57705,8.00,0.42
2009.07.17 15:17:47.504,1.5767,1.57705,8.00,0.42
2009.07.17 15:17:48.074,1.5767,1.57705,8.00,0.42
2009.07.17 15:17:48.404,1.5767,1.57705,8.00,0.42
2009.07.17 15:17:48.684,1.5767,1.57705,8.00,0.42
2009.07.17 15:17:48.863,1.5767,1.57705,8.00,0.42
2009.07.17 15:17:49.033,1.5767,1.57705,8.00,0.42
2009.07.17 15:17:49.443,1.5767,1.57705,11.60,0.42
2009.07.17 15:17:49.563,1.5767,1.57705,5.20,0.42
2009.07.17 15:17:49.623,1.5767,1.57705,6.80,0.42
2009.07.17 15:17:49.943,1.5767,1.57705,6.80,0.42
2009.07.17 15:17:50.283,1.5767,1.57705,6.80,0.42
2009.07.17 15:17:50.393,1.5767,1.57705,6.80,0.42
2009.07.17 15:17:50.733,1.5767,1.57705,6.80,0.42
2009.07.17 15:17:51.123,1.5767,1.57705,6.80,0.42
2009.07.17 15:17:51.463,1.5767,1.57705,6.80,0.42
2009.07.17 15:17:51.683,1.5767,1.57705,6.80,0.42
2009.07.17 15:17:51.862,1.5767,1.57705,6.80,0.42
2009.07.17 15:17:52.153,1.5767,1.57705,6.80,0.42
2009.07.17 15:17:52.383,1.5767,1.57705,6.80,0.42
2009.07.17 15:17:52.552,1.5768,1.57705,1.60,0.42
2009.07.17 15:17:52.893,1.5768,1.57705,1.60,0.42
2009.07.17 15:17:53.003,1.5767,1.57705,5.20,0.42
2009.07.17 15:17:53.302,1.5768,1.57705,1.60,0.42
2009.07.17 15:17:53.362,1.5768,1.57705,1.60,0.42
2009.07.17 15:17:53.652,1.5768,1.57705,1.60,0.42
2009.07.17 15:17:53.882,1.5768,1.57705,1.60,0.42
2009.07.17 15:17:54.002,1.5768,1.57705,1.60,0.42
2009.07.17 15:17:54.182,1.5767,1.57705,1.80,0.42
2009.07.17 15:17:54.482,1.5767,1.57705,1.80,0.42
2009.07.17 15:17:54.652,1.5767,1.57705,1.80,0.42
2009.07.17 15:17:54.882,1.5767,1.57705,1.80,0.42
2009.07.17 15:17:55.152,1.5767,1.57705,1.80,0.42
