2014.06.25 18:00:01.676,1.46179,1.46196,1.00,1.00
2014.06.25 18:00:07.578,1.46179,1.46197,1.69,1.50
2014.06.25 18:00:11.019,1.46182,1.46197,1.00,1.00
2014.06.25 18:00:12.348,1.46183,1.46197,1.00,1.00
2014.06.25 18:00:12.463,1.4618,1.46197,1.00,1.00
2014.06.25 18:00:13.322,1.4618,1.46193,1.00,1.00
2014.06.25 18:00:13.374,1.46178,1.46193,1.00,1.00
2014.06.25 18:00:13.476,1.46175,1.46193,1.00,1.25
2014.06.25 18:00:13.579,1.46174,1.46191,1.00,1.00
2014.06.25 18:00:13.886,1.46171,1.46188,1.00,1.00
2014.06.25 18:00:14.420,1.46173,1.46189,1.00,1.00
2014.06.25 18:00:14.927,1.4617,1.46188,1.50,1.00
2014.06.25 18:00:15.130,1.4617,1.46186,1.00,1.00
2014.06.25 18:00:15.759,1.46171,1.46186,1.00,1.00
2014.06.25 18:00:16.266,1.4617,1.46186,1.00,1.00
2014.06.25 18:00:18.247,1.4617,1.46187,1.00,1.00
2014.06.25 18:00:18.564,1.46173,1.46187,1.00,1.00
2014.06.25 18:00:19.217,1.46175,1.46187,1.00,1.00
2014.06.25 18:00:19.268,1.46175,1.4619,1.00,1.00
2014.06.25 18:00:19.471,1.46175,1.46193,1.00,1.25
2014.06.25 18:00:19.572,1.46175,1.46191,1.00,1.00
2014.06.25 18:00:20.080,1.46177,1.46194,1.00,1.00
2014.06.25 18:00:20.621,1.46175,1.46193,1.50,1.00
2014.06.25 18:00:21.087,1.46177,1.46194,1.50,1.25
2014.06.25 18:00:29.855,1.46175,1.46192,1.69,1.00
2014.06.25 18:00:30.159,1.46173,1.4619,1.00,1.00
2014.06.25 18:00:32.979,1.46172,1.46182,1.00,1.00
2014.06.25 18:00:33.233,1.46165,1.46183,1.00,1.69
2014.06.25 18:00:33.285,1.46167,1.46184,1.00,1.19
2014.06.25 18:00:33.438,1.46167,1.46185,1.50,1.25
2014.06.25 18:00:33.489,1.46169,1.46186,1.00,1.69
2014.06.25 18:00:34.026,1.46169,1.46186,1.00,1.25
2014.06.25 18:00:34.431,1.46169,1.46184,1.00,1.00
2014.06.25 18:00:34.966,1.46169,1.46185,1.00,1.00
2014.06.25 18:00:35.531,1.46168,1.46185,1.25,1.00
2014.06.25 18:00:36.481,1.46168,1.46186,1.25,1.00
2014.06.25 18:00:37.019,1.46169,1.46186,1.00,1.00
2014.06.25 18:00:37.802,1.46169,1.46185,1.00,1.00
2014.06.25 18:00:44.505,1.46169,1.46186,1.00,1.25
2014.06.25 18:00:52.228,1.46169,1.46187,1.00,1.00
2014.06.25 18:00:52.796,1.46169,1.46188,1.25,1.50
2014.06.25 18:00:54.644,1.46174,1.46188,1.00,1.00
2014.06.25 18:00:54.898,1.46178,1.46194,1.00,1.00
2014.06.25 18:00:55.977,1.46179,1.46196,1.00,1.00
2014.06.25 18:01:00.047,1.46179,1.46195,1.00,1.00
2014.06.25 18:01:01.043,1.46177,1.46195,1.69,1.50
2014.06.25 18:01:02.547,1.46177,1.46195,1.69,1.50
2014.06.25 18:01:07.167,1.46176,1.46194,1.50,1.00
2014.06.25 18:01:07.850,1.46176,1.46193,1.50,1.00
2014.06.25 18:01:07.952,1.46176,1.46191,1.00,1.00
2014.06.25 18:01:08.003,1.46173,1.46191,1.50,1.00
2014.06.25 18:01:08.408,1.46177,1.46192,1.00,1.00
2014.06.25 18:01:08.926,1.46177,1.46193,1.00,1.00
2014.06.25 18:01:10.130,1.46177,1.46194,1.50,1.50
2014.06.25 18:01:14.347,1.46182,1.46195,1.00,1.00
2014.06.25 18:01:14.449,1.4618,1.46198,1.00,1.00
2014.06.25 18:01:14.551,1.46183,1.46199,1.00,1.00
2014.06.25 18:01:14.893,1.46181,1.46199,1.00,1.00
2014.06.25 18:01:15.394,1.4618,1.46198,2.44,1.00
2014.06.25 18:01:21.371,1.46181,1.46198,1.00,1.00
2014.06.25 18:01:21.423,1.46184,1.46198,1.00,1.00
2014.06.25 18:01:21.677,1.46188,1.46206,1.50,1.00
2014.06.25 18:01:21.728,1.46191,1.46206,1.00,1.00
2014.06.25 18:01:21.779,1.46191,1.46209,1.00,1.69
2014.06.25 18:01:24.571,1.46191,1.46209,1.69,1.00
2014.06.25 18:01:27.044,1.46191,1.46209,1.50,1.50
2014.06.25 18:01:30.090,1.46191,1.46208,1.25,1.00
2014.06.25 18:01:30.192,1.46191,1.46206,1.00,1.00
2014.06.25 18:01:30.293,1.46188,1.46206,1.00,1.00
2014.06.25 18:01:30.344,1.46188,1.46202,1.00,1.00
2014.06.25 18:01:30.446,1.46189,1.46207,1.00,1.25
2014.06.25 18:01:34.694,1.4619,1.46208,1.00,1.00
2014.06.25 18:01:40.599,1.46191,1.46209,1.00,1.50
2014.06.25 18:01:50.750,1.46193,1.46209,1.00,1.00
2014.06.25 18:01:51.054,1.46194,1.46209,1.69,1.00
2014.06.25 18:01:51.357,1.46194,1.46212,1.25,1.00
2014.06.25 18:01:51.791,1.46194,1.46212,1.69,1.00
2014.06.25 18:01:52.798,1.46194,1.46212,1.69,1.00
2014.06.25 18:01:53.752,1.46194,1.46212,1.69,1.00
2014.06.25 18:01:54.557,1.46194,1.46212,1.19,1.00
2014.06.25 18:01:55.823,1.46194,1.46212,1.25,1.00
2014.06.25 18:02:00.952,1.46195,1.46213,1.00,1.00
2014.06.25 18:02:01.506,1.46196,1.46214,1.00,1.00
2014.06.25 18:02:01.965,1.46194,1.46211,1.19,1.00
2014.06.25 18:02:04.726,1.46192,1.46211,1.19,1.50
2014.06.25 18:02:07.879,1.46192,1.4621,1.19,1.00
2014.06.25 18:02:07.981,1.46191,1.46209,1.19,1.00
2014.06.25 18:02:08.497,1.4619,1.46208,1.19,1.00
2014.06.25 18:02:09.041,1.46191,1.46208,1.19,1.00
2014.06.25 18:02:10.196,1.4619,1.46208,1.69,1.00
2014.06.25 18:02:13.212,1.46191,1.46209,1.19,1.00
2014.06.25 18:02:16.425,1.46192,1.4621,1.25,1.50
2014.06.25 18:02:16.837,1.46193,1.46213,1.50,2.44
2014.06.25 18:02:17.359,1.46193,1.46212,1.69,1.00
2014.06.25 18:02:17.699,1.46196,1.46213,1.19,1.00
2014.06.25 18:02:18.241,1.46196,1.46214,1.19,1.50
2014.06.25 18:02:20.026,1.46196,1.46214,1.25,1.50
2014.06.25 18:02:20.544,1.46194,1.46212,1.69,1.00
2014.06.25 18:02:22.638,1.46194,1.46212,1.69,1.00
2014.06.25 18:02:23.712,1.46194,1.46212,1.69,1.00
2014.06.25 18:02:27.652,1.46193,1.46212,1.19,1.50
2014.06.25 18:02:30.540,1.46192,1.46212,2.44,1.50
2014.06.25 18:02:31.741,1.46192,1.46212,2.44,3.00
2014.06.25 18:02:34.755,1.46194,1.46212,1.19,3.00
2014.06.25 18:02:35.759,1.46192,1.46212,2.44,3.00
2014.06.25 18:02:36.583,1.46195,1.46212,1.00,1.00
2014.06.25 18:02:38.209,1.46195,1.46212,1.19,1.00
2014.06.25 18:02:41.412,1.46195,1.46212,1.69,1.00
2014.06.25 18:02:42.887,1.46195,1.46212,1.19,1.00
2014.06.25 18:02:43.443,1.46195,1.46213,1.19,1.50
2014.06.25 18:02:43.494,1.46193,1.4621,1.69,1.00
2014.06.25 18:02:44.025,1.46192,1.46209,1.19,1.00
2014.06.25 18:02:44.532,1.46191,1.46209,1.19,1.00
2014.06.25 18:02:49.556,1.46191,1.46209,1.19,1.00
2014.06.25 18:02:57.948,1.46191,1.46209,1.19,1.00
2014.06.25 18:02:58.786,1.46192,1.4621,1.25,1.50
2014.06.25 18:03:00.377,1.46192,1.4621,1.19,1.00
2014.06.25 18:03:05.973,1.46192,1.4621,1.25,1.00
2014.06.25 18:03:09.383,1.46192,1.4621,1.19,1.00
2014.06.25 18:03:10.990,1.46192,1.4621,1.25,1.00
2014.06.25 18:03:12.128,1.46192,1.4621,1.19,1.00
2014.06.25 18:03:18.713,1.46192,1.4621,1.00,1.00
2014.06.25 18:03:21.128,1.46192,1.4621,1.19,1.00
2014.06.25 18:03:27.771,1.46192,1.4621,1.25,1.00
2014.06.25 18:03:28.762,1.46192,1.4621,1.19,1.00
2014.06.25 18:03:29.379,1.46193,1.46211,1.25,1.00
2014.06.25 18:03:32.869,1.46193,1.46211,1.19,1.00
2014.06.25 18:03:34.238,1.46193,1.46209,1.19,1.00
2014.06.25 18:03:35.279,1.46193,1.46209,1.25,1.00
2014.06.25 18:03:42.828,1.46193,1.4621,1.25,1.00
2014.06.25 18:03:43.131,1.46196,1.4621,1.00,1.00
2014.06.25 18:03:43.334,1.46197,1.46212,1.00,1.00
2014.06.25 18:03:43.587,1.46197,1.46215,1.00,1.00
2014.06.25 18:03:44.239,1.46197,1.46215,1.19,1.00
2014.06.25 18:03:45.408,1.46197,1.46215,1.25,1.00
2014.06.25 18:03:45.933,1.46199,1.46216,1.00,1.00
2014.06.25 18:03:46.548,1.46198,1.46216,1.25,1.00
2014.06.25 18:03:47.226,1.46198,1.46216,1.19,1.00
2014.06.25 18:03:47.531,1.46203,1.46219,1.00,1.00
2014.06.25 18:03:48.465,1.46203,1.46219,1.19,1.00
2014.06.25 18:03:48.908,1.46199,1.46215,2.25,1.00
2014.06.25 18:03:49.171,1.46197,1.46215,1.25,1.00
2014.06.25 18:03:49.425,1.46196,1.46213,1.19,1.00
2014.06.25 18:03:50.002,1.46196,1.46214,1.19,2.25
2014.06.25 18:03:50.511,1.46196,1.46214,1.25,1.50
2014.06.25 18:03:50.816,1.46198,1.46213,1.00,1.00
2014.06.25 18:03:54.979,1.462,1.46213,1.00,1.00
2014.06.25 18:03:55.713,1.46198,1.46213,1.00,1.00
2014.06.25 18:03:55.934,1.462,1.46213,1.00,1.00
2014.06.25 18:03:56.607,1.46195,1.46213,1.69,1.00
2014.06.25 18:03:57.122,1.46194,1.46212,1.69,1.00
2014.06.25 18:03:59.064,1.46194,1.46212,1.50,1.00
2014.06.25 18:04:04.764,1.46198,1.46213,1.00,1.00
2014.06.25 18:04:04.865,1.46198,1.46216,1.00,1.69
2014.06.25 18:04:05.179,1.46196,1.46214,1.25,1.00
2014.06.25 18:04:05.474,1.46194,1.46212,1.69,1.00
2014.06.25 18:04:07.120,1.46194,1.46212,1.69,1.00
2014.06.25 18:04:11.113,1.46194,1.46209,1.19,1.00
2014.06.25 18:04:11.586,1.46197,1.46209,1.00,1.00
2014.06.25 18:04:11.789,1.46195,1.46209,1.00,1.00
2014.06.25 18:04:12.317,1.46195,1.46208,1.00,1.00
2014.06.25 18:04:12.570,1.46195,1.4621,1.00,1.00
2014.06.25 18:04:12.773,1.46197,1.4621,1.00,1.00
2014.06.25 18:04:12.875,1.46195,1.4621,1.00,1.00
2014.06.25 18:04:13.210,1.46195,1.46213,1.00,1.00
2014.06.25 18:04:14.404,1.46195,1.46212,1.25,1.00
2014.06.25 18:04:15.003,1.46193,1.46211,1.69,1.00
2014.06.25 18:04:15.557,1.46193,1.46211,1.69,1.00
2014.06.25 18:04:18.377,1.46192,1.46209,1.25,1.00
2014.06.25 18:04:18.682,1.46183,1.462,1.00,1.00
2014.06.25 18:04:18.937,1.46179,1.46197,1.50,2.25
2014.06.25 18:04:18.988,1.46179,1.46195,1.00,1.00
2014.06.25 18:04:19.879,1.46176,1.46194,1.19,1.00
2014.06.25 18:04:20.110,1.46176,1.46194,1.25,1.00
2014.06.25 18:04:20.616,1.46175,1.46193,1.19,1.00
2014.06.25 18:04:21.265,1.46175,1.46193,1.00,1.00
2014.06.25 18:04:27.022,1.46174,1.46192,1.25,1.00
2014.06.25 18:04:30.903,1.46174,1.46191,1.00,1.00
2014.06.25 18:04:31.621,1.46174,1.46192,1.25,1.00
2014.06.25 18:04:32.441,1.46175,1.46193,1.00,1.00
2014.06.25 18:04:32.975,1.46175,1.46193,1.19,1.00
2014.06.25 18:04:36.911,1.46175,1.46193,1.00,1.00
2014.06.25 18:04:40.242,1.46177,1.46194,1.00,1.50
2014.06.25 18:04:40.546,1.46182,1.462,1.00,1.00
2014.06.25 18:04:40.647,1.46184,1.462,1.00,1.00
2014.06.25 18:04:40.749,1.46186,1.46203,1.00,1.50
2014.06.25 18:04:41.255,1.46186,1.46204,1.00,1.00
2014.06.25 18:04:43.121,1.46186,1.46204,1.19,1.00
2014.06.25 18:04:44.121,1.46186,1.46204,1.25,1.00
2014.06.25 18:04:45.434,1.46186,1.46204,1.19,1.00
2014.06.25 18:04:45.897,1.46186,1.46201,1.19,1.00
2014.06.25 18:04:45.948,1.46185,1.46201,1.25,1.00
2014.06.25 18:04:46.101,1.46185,1.46195,1.00,1.00
2014.06.25 18:04:46.203,1.46183,1.46195,1.00,1.00
2014.06.25 18:04:46.304,1.46175,1.46194,1.19,1.50
2014.06.25 18:04:46.355,1.46179,1.46196,1.00,1.00
2014.06.25 18:04:46.890,1.46178,1.46196,1.00,1.00
2014.06.25 18:04:47.563,1.46178,1.46196,1.19,1.00
2014.06.25 18:04:47.844,1.46175,1.46194,1.69,1.00
2014.06.25 18:04:48.351,1.46175,1.46193,1.19,1.50
2014.06.25 18:04:49.068,1.46175,1.46193,1.25,1.50
2014.06.25 18:05:05.624,1.46181,1.46193,1.00,1.00
2014.06.25 18:05:05.879,1.46193,1.46207,1.00,1.50
2014.06.25 18:05:05.981,1.46195,1.46207,1.00,1.00
2014.06.25 18:05:06.032,1.46195,1.4621,1.00,1.35
2014.06.25 18:05:06.083,1.46192,1.4621,1.00,1.35
2014.06.25 18:05:06.387,1.46189,1.46207,1.00,1.00
2014.06.25 18:05:06.590,1.46189,1.46209,1.50,1.50
2014.06.25 18:05:07.926,1.46189,1.46207,1.50,1.00
2014.06.25 18:05:08.849,1.46189,1.46205,1.00,1.00
2014.06.25 18:05:09.359,1.46189,1.46204,1.00,1.00
2014.06.25 18:05:13.026,1.46189,1.46207,1.00,1.00
2014.06.25 18:05:16.874,1.46189,1.46206,1.00,1.00
2014.06.25 18:05:23.074,1.46189,1.46207,1.00,1.00
2014.06.25 18:05:27.939,1.4619,1.46208,1.00,1.25
2014.06.25 18:05:33.467,1.46191,1.46209,1.00,1.00
2014.06.25 18:05:43.392,1.4619,1.46208,1.00,1.00
2014.06.25 18:05:46.813,1.46191,1.46209,1.00,1.25
2014.06.25 18:05:46.965,1.46193,1.46208,1.00,1.00
2014.06.25 18:05:47.117,1.46196,1.46214,1.00,1.69
2014.06.25 18:05:47.522,1.46194,1.46212,1.00,1.00
2014.06.25 18:05:48.586,1.46194,1.4621,1.00,1.00
2014.06.25 18:05:48.688,1.46192,1.4621,1.00,1.50
2014.06.25 18:05:49.838,1.46191,1.46209,1.00,1.00
2014.06.25 18:05:50.792,1.46196,1.46212,1.00,1.19
2014.06.25 18:05:50.843,1.46196,1.46212,1.00,1.00
2014.06.25 18:05:50.894,1.46198,1.46216,1.00,1.19
2014.06.25 18:05:50.946,1.46198,1.46216,1.00,1.00
2014.06.25 18:05:51.453,1.46197,1.46215,1.00,1.00
2014.06.25 18:05:52.400,1.46195,1.46213,1.19,1.00
2014.06.25 18:05:52.451,1.46195,1.46213,1.00,1.00
2014.06.25 18:05:52.957,1.46196,1.46214,1.50,1.00
2014.06.25 18:05:54.203,1.46194,1.46212,1.00,1.00
2014.06.25 18:05:54.664,1.46196,1.46213,1.00,1.00
2014.06.25 18:05:55.171,1.46196,1.46214,1.50,1.25
2014.06.25 18:05:56.134,1.46196,1.46214,1.00,1.69
2014.06.25 18:05:56.235,1.46194,1.46212,1.00,1.25
2014.06.25 18:05:56.438,1.46191,1.46209,1.25,1.00
2014.06.25 18:05:58.389,1.46193,1.46209,1.00,1.00
2014.06.25 18:05:58.917,1.46192,1.4621,1.25,1.00
2014.06.25 18:05:59.428,1.46193,1.46211,1.00,1.00
2014.06.25 18:06:03.746,1.46192,1.4621,1.25,1.00
2014.06.25 18:06:04.102,1.46196,1.46211,1.00,1.00
2014.06.25 18:06:04.203,1.46196,1.46214,1.50,1.00
2014.06.25 18:06:04.356,1.46199,1.46216,1.00,1.00
2014.06.25 18:06:04.660,1.46201,1.46219,1.00,3.79
2014.06.25 18:06:05.430,1.46203,1.46219,1.00,2.85
2014.06.25 18:06:05.977,1.46204,1.46219,1.00,1.35
2014.06.25 18:06:06.382,1.46204,1.46221,1.50,2.10
2014.06.25 18:06:06.686,1.46205,1.46223,1.50,1.25
2014.06.25 18:06:08.133,1.46206,1.46224,1.00,1.00
2014.06.25 18:06:13.975,1.46209,1.46226,1.00,1.00
2014.06.25 18:06:14.279,1.46211,1.46227,1.00,1.00
2014.06.25 18:06:14.330,1.46209,1.46227,1.00,1.00
2014.06.25 18:06:14.583,1.46209,1.46225,1.00,1.00
2014.06.25 18:06:14.735,1.46209,1.46227,1.50,1.00
2014.06.25 18:06:15.249,1.46209,1.46226,1.00,1.00
2014.06.25 18:06:15.754,1.46208,1.46226,1.69,1.00
2014.06.25 18:06:16.482,1.46208,1.46228,1.69,2.44
2014.06.25 18:06:16.992,1.46208,1.46227,1.69,1.00
2014.06.25 18:06:17.498,1.46208,1.46228,1.69,3.19
2014.06.25 18:06:19.126,1.46209,1.46228,1.00,2.44
2014.06.25 18:06:19.701,1.4621,1.46228,1.00,1.25
2014.06.25 18:06:31.372,1.46209,1.46227,1.50,1.00
2014.06.25 18:06:33.682,1.46208,1.46227,1.00,1.00
2014.06.25 18:06:34.365,1.46207,1.46227,1.69,1.50
2014.06.25 18:06:40.102,1.4621,1.46227,1.00,1.50
2014.06.25 18:06:40.445,1.46212,1.46228,1.00,1.50
2014.06.25 18:06:57.114,1.4621,1.46228,1.00,1.69
2014.06.25 18:06:59.863,1.46212,1.46228,1.00,1.69
2014.06.25 18:07:00.323,1.4621,1.46228,1.00,1.69
2014.06.25 18:07:01.111,1.46209,1.46228,1.00,1.69
2014.06.25 18:07:01.884,1.4621,1.46228,1.00,1.69
2014.06.25 18:07:05.582,1.46212,1.46228,1.00,1.50
2014.06.25 18:07:08.687,1.46212,1.46227,1.00,1.00
2014.06.25 18:07:08.813,1.46209,1.46227,1.69,1.00
2014.06.25 18:07:14.092,1.4621,1.46227,1.00,1.00
2014.06.25 18:07:18.561,1.4621,1.46224,1.00,1.00
2014.06.25 18:07:18.663,1.46205,1.46223,1.50,1.00
2014.06.25 18:07:18.816,1.46208,1.46224,1.00,1.00
2014.06.25 18:07:18.866,1.46209,1.46226,1.00,1.00
2014.06.25 18:07:18.968,1.4621,1.46228,1.00,1.00
2014.06.25 18:07:28.244,1.46208,1.46227,2.07,1.00
2014.06.25 18:07:30.154,1.46209,1.46227,1.00,1.00
2014.06.25 18:07:30.693,1.46208,1.46227,1.88,1.00
2014.06.25 18:07:31.847,1.4621,1.46228,1.00,1.00
2014.06.25 18:07:32.358,1.46213,1.46228,1.00,1.00
2014.06.25 18:07:33.904,1.4621,1.46228,1.00,1.00
2014.06.25 18:07:34.157,1.46213,1.46228,1.00,1.00
2014.06.25 18:07:39.740,1.46213,1.46229,1.00,1.00
2014.06.25 18:07:41.377,1.46211,1.46229,1.00,1.00
2014.06.25 18:07:49.750,1.46211,1.46229,1.00,1.19
2014.06.25 18:07:50.870,1.46211,1.46229,1.00,1.25
2014.06.25 18:07:58.853,1.46211,1.46228,1.00,1.00
2014.06.25 18:07:59.606,1.46209,1.46227,1.38,1.00
2014.06.25 18:08:01.871,1.46209,1.46224,1.00,1.50
2014.06.25 18:08:01.923,1.46206,1.46224,1.88,2.25
2014.06.25 18:08:02.126,1.46209,1.46227,1.50,1.00
2014.06.25 18:08:02.632,1.46212,1.46228,1.25,1.00
2014.06.25 18:08:05.049,1.4621,1.46228,1.69,1.00
2014.06.25 18:08:06.269,1.4621,1.46228,1.69,1.00
2014.06.25 18:08:11.153,1.4621,1.46228,1.38,1.00
2014.06.25 18:08:11.692,1.46209,1.46227,1.88,1.00
2014.06.25 18:08:12.544,1.46209,1.46227,1.88,1.00
2014.06.25 18:08:15.471,1.46209,1.46227,1.88,1.00
2014.06.25 18:08:27.080,1.46209,1.46225,1.88,1.00
2014.06.25 18:08:27.523,1.46209,1.46227,1.88,1.50
2014.06.25 18:08:28.030,1.46209,1.46227,1.50,1.00
2014.06.25 18:08:28.131,1.46211,1.46229,1.00,1.50
2014.06.25 18:08:28.655,1.46211,1.4623,1.50,1.50
2014.06.25 18:08:29.662,1.46209,1.46229,3.19,1.50
2014.06.25 18:08:29.764,1.46209,1.46227,1.69,1.00
2014.06.25 18:08:30.282,1.4621,1.46228,1.50,1.50
2014.06.25 18:08:30.794,1.46209,1.46227,1.32,1.00
2014.06.25 18:08:32.141,1.46212,1.46228,1.00,1.25
2014.06.25 18:08:33.572,1.4621,1.46228,1.00,1.00
2014.06.25 18:08:34.179,1.46209,1.46227,1.00,1.00
2014.06.25 18:08:34.281,1.46209,1.46229,1.00,1.25
2014.06.25 18:08:35.789,1.46209,1.46229,1.50,1.19
2014.06.25 18:08:40.070,1.46213,1.46229,1.00,1.19
2014.06.25 18:08:40.592,1.46213,1.46229,1.00,1.00
2014.06.25 18:08:41.645,1.46209,1.46229,2.44,1.00
2014.06.25 18:08:41.848,1.46213,1.46229,1.00,1.25
2014.06.25 18:08:43.835,1.46209,1.46229,2.25,1.25
2014.06.25 18:08:44.380,1.46214,1.46232,1.00,2.44
2014.06.25 18:08:44.431,1.46214,1.46232,1.00,1.50
2014.06.25 18:08:44.533,1.46215,1.46233,1.38,1.69
2014.06.25 18:08:44.634,1.46215,1.46233,1.00,1.00
2014.06.25 18:08:44.685,1.46217,1.46234,1.00,1.25
2014.06.25 18:08:44.787,1.46215,1.46233,1.00,1.00
2014.06.25 18:08:45.295,1.46214,1.46232,1.00,1.00
2014.06.25 18:08:45.396,1.46212,1.46229,1.00,1.00
2014.06.25 18:08:45.873,1.46209,1.46227,1.50,1.00
2014.06.25 18:08:46.449,1.46208,1.46226,1.63,1.00
2014.06.25 18:08:49.793,1.46209,1.46228,1.88,1.69
2014.06.25 18:08:58.086,1.46209,1.46227,1.38,1.25
2014.06.25 18:08:58.648,1.46211,1.46228,1.13,1.00
2014.06.25 18:09:10.102,1.46211,1.46229,1.13,2.44
2014.06.25 18:09:19.668,1.46212,1.46229,1.00,2.44
2014.06.25 18:09:26.685,1.46217,1.4623,1.00,1.69
2014.06.25 18:09:27.588,1.46217,1.4623,1.00,1.50
2014.06.25 18:09:28.102,1.46212,1.4623,1.00,1.50
2014.06.25 18:09:28.305,1.46216,1.4623,1.00,2.44
2014.06.25 18:09:28.629,1.46212,1.4623,1.00,1.69
2014.06.25 18:09:32.797,1.46211,1.46228,1.38,1.00
2014.06.25 18:09:33.419,1.46212,1.46229,1.13,1.00
2014.06.25 18:09:40.969,1.46212,1.46229,1.38,1.00
2014.06.25 18:09:43.549,1.46212,1.46229,1.13,1.00
2014.06.25 18:09:49.648,1.46215,1.46231,1.00,1.25
2014.06.25 18:09:50.636,1.46213,1.46231,1.50,1.00
2014.06.25 18:09:50.941,1.46213,1.46229,1.00,1.00
2014.06.25 18:09:51.452,1.46211,1.46229,1.38,1.00
2014.06.25 18:09:51.980,1.46212,1.4623,1.13,1.69
2014.06.25 18:09:52.496,1.46213,1.46231,1.00,1.19
2014.06.25 18:09:57.619,1.46213,1.46231,1.50,1.00
2014.06.25 18:09:59.282,1.46212,1.4623,1.00,1.50
2014.06.25 18:10:05.553,1.46211,1.46229,1.38,1.00
2014.06.25 18:10:08.271,1.46213,1.4623,1.00,1.69
2014.06.25 18:10:22.013,1.46213,1.46229,1.13,1.00
2014.06.25 18:10:22.821,1.46209,1.46227,1.88,1.00
2014.06.25 18:10:23.138,1.46212,1.4623,1.00,1.19
2014.06.25 18:10:23.720,1.46212,1.4623,1.38,1.19
2014.06.25 18:10:24.225,1.46212,1.4623,1.38,1.25
2014.06.25 18:10:39.897,1.46212,1.4623,1.13,1.25
2014.06.25 18:10:43.818,1.46211,1.46229,1.88,1.00
2014.06.25 18:10:44.567,1.46211,1.46229,1.00,1.00
2014.06.25 18:10:45.108,1.46211,1.46229,1.38,1.00
2014.06.25 18:10:48.435,1.46211,1.46229,1.38,1.50
2014.06.25 18:10:52.882,1.46211,1.46229,1.13,1.50
2014.06.25 18:10:52.984,1.46209,1.46227,2.07,1.00
2014.06.25 18:11:13.867,1.4621,1.46228,1.38,1.00
2014.06.25 18:11:20.928,1.4621,1.46228,1.13,1.00
2014.06.25 18:11:21.651,1.4621,1.46228,1.38,1.00
2014.06.25 18:11:42.035,1.46208,1.46228,2.82,1.69
2014.06.25 18:11:50.150,1.4621,1.46228,1.38,1.00
2014.06.25 18:11:50.354,1.46212,1.4623,1.00,1.00
2014.06.25 18:11:50.405,1.46215,1.4623,1.00,1.00
2014.06.25 18:11:50.912,1.46215,1.46231,1.00,1.00
2014.06.25 18:11:54.545,1.46215,1.46229,1.00,1.00
2014.06.25 18:11:54.900,1.46217,1.46229,1.00,1.00
2014.06.25 18:11:55.480,1.46217,1.4623,1.00,1.00
2014.06.25 18:11:55.834,1.46223,1.46231,1.00,1.00
2014.06.25 18:11:55.886,1.46223,1.46239,1.00,1.50
2014.06.25 18:11:55.988,1.46223,1.46243,2.25,1.69
2014.06.25 18:11:56.039,1.46225,1.46243,1.00,1.69
2014.06.25 18:11:56.348,1.46227,1.46243,1.00,1.00
2014.06.25 18:11:56.714,1.46225,1.46243,1.00,1.00
2014.06.25 18:11:57.774,1.46226,1.46244,1.00,1.00
2014.06.25 18:12:34.602,1.46229,1.46245,1.00,1.00
2014.06.25 18:12:34.870,1.46233,1.4625,1.00,1.13
2014.06.25 18:12:34.972,1.46234,1.46252,1.69,1.00
2014.06.25 18:12:35.188,1.46234,1.46254,2.44,1.69
2014.06.25 18:12:36.091,1.46234,1.46254,2.25,1.69
2014.06.25 18:12:39.832,1.46234,1.4625,1.50,1.00
2014.06.25 18:12:40.890,1.46234,1.46251,1.50,1.00
2014.06.25 18:12:41.553,1.46234,1.4625,1.50,1.00
2014.06.25 18:12:43.734,1.46235,1.4625,1.00,1.00
2014.06.25 18:12:44.040,1.4623,1.46242,1.50,1.00
2014.06.25 18:12:44.141,1.4623,1.46244,1.50,1.00
2014.06.25 18:12:44.243,1.46228,1.46245,1.50,1.00
2014.06.25 18:12:44.547,1.46233,1.46245,1.00,1.00
2014.06.25 18:12:44.606,1.46233,1.4625,1.00,1.50
2014.06.25 18:12:45.158,1.46234,1.46251,1.00,1.00
2014.06.25 18:12:46.744,1.46233,1.46251,1.50,1.00
2014.06.25 18:12:46.846,1.46232,1.46247,1.69,1.00
2014.06.25 18:12:46.998,1.46228,1.46246,1.50,1.00
2014.06.25 18:13:41.138,1.46233,1.46248,1.00,1.00
2014.06.25 18:13:41.241,1.46234,1.46253,1.00,1.50
2014.06.25 18:13:41.343,1.46237,1.46255,1.00,1.50
2014.06.25 18:13:51.733,1.46236,1.46254,1.69,1.00
2014.06.25 18:13:52.385,1.46237,1.46255,1.00,1.00
2014.06.25 18:13:59.324,1.46238,1.46255,1.00,1.00
2014.06.25 18:13:59.632,1.46242,1.46258,1.69,1.00
2014.06.25 18:14:00.009,1.46244,1.46259,1.00,1.00
2014.06.25 18:14:00.520,1.46244,1.46258,1.00,1.00
2014.06.25 18:14:03.678,1.46243,1.46258,1.69,1.50
2014.06.25 18:14:04.187,1.46244,1.46258,1.00,1.00
2014.06.25 18:14:10.513,1.46243,1.46258,2.44,1.00
2014.06.25 18:14:10.766,1.46241,1.46258,1.50,1.00
2014.06.25 18:14:11.009,1.46241,1.46256,1.00,1.00
2014.06.25 18:14:11.112,1.46241,1.46258,1.00,1.50
2014.06.25 18:14:11.468,1.46244,1.46258,1.00,1.00
2014.06.25 18:14:12.845,1.46242,1.46258,1.00,1.00
2014.06.25 18:14:17.047,1.46242,1.46257,1.00,1.00
2014.06.25 18:14:18.358,1.46242,1.46256,1.00,1.50
2014.06.25 18:14:18.409,1.46239,1.46256,1.69,1.50
2014.06.25 18:14:18.992,1.46237,1.46255,1.19,1.00
2014.06.25 18:14:19.704,1.46237,1.46255,1.25,1.00
2014.06.25 18:14:20.022,1.46239,1.46256,1.00,2.25
2014.06.25 18:14:20.641,1.4624,1.46257,1.00,1.00
2014.06.25 18:14:22.654,1.46241,1.46258,1.00,3.00
2014.06.25 18:14:23.282,1.46242,1.46259,1.25,1.00
2014.06.25 18:14:26.481,1.46242,1.46259,1.19,1.00
2014.06.25 18:14:30.817,1.46242,1.46259,1.25,1.00
2014.06.25 18:14:31.924,1.46242,1.46259,1.19,1.00
2014.06.25 18:14:33.078,1.46241,1.46258,1.69,1.00
2014.06.25 18:14:33.130,1.46241,1.46257,1.00,1.00
2014.06.25 18:14:33.181,1.46238,1.46255,1.19,1.00
2014.06.25 18:14:33.716,1.46237,1.46255,1.25,1.00
2014.06.25 18:14:34.230,1.46236,1.46254,1.69,1.00
2014.06.25 18:14:35.818,1.46236,1.46254,1.69,1.00
2014.06.25 18:14:37.865,1.46236,1.46254,1.69,1.00
2014.06.25 18:14:40.143,1.46236,1.46254,1.19,1.00
2014.06.25 18:14:40.643,1.46238,1.46254,1.69,1.00
2014.06.25 18:14:40.694,1.46239,1.46257,1.19,1.00
2014.06.25 18:14:41.202,1.4624,1.46258,1.19,1.00
2014.06.25 18:14:43.806,1.46239,1.46257,1.19,1.00
2014.06.25 18:14:44.318,1.46239,1.46257,1.19,1.00
2014.06.25 18:14:45.086,1.46238,1.46256,1.69,1.00
2014.06.25 18:14:45.138,1.46238,1.46254,1.25,1.00
2014.06.25 18:14:45.446,1.46236,1.46252,1.19,1.00
2014.06.25 18:14:46.353,1.46236,1.46254,1.19,1.50
2014.06.25 18:14:46.403,1.46235,1.46251,1.00,1.00
2014.06.25 18:14:46.454,1.46233,1.46251,1.69,1.00
2014.06.25 18:14:46.505,1.46237,1.46252,1.00,1.00
2014.06.25 18:14:46.809,1.46239,1.46251,1.00,1.00
2014.06.25 18:14:46.961,1.46235,1.46251,1.19,1.00
2014.06.25 18:14:47.114,1.46234,1.4625,1.25,1.00
2014.06.25 18:14:47.215,1.46231,1.46248,1.00,1.00
2014.06.25 18:14:47.722,1.46229,1.46247,1.19,1.00
2014.06.25 18:14:48.405,1.46231,1.46248,1.25,1.50
2014.06.25 18:14:48.761,1.46229,1.46245,1.69,1.00
2014.06.25 18:14:49.065,1.46229,1.46243,1.00,1.00
2014.06.25 18:14:53.698,1.46232,1.46243,1.00,1.50
2014.06.25 18:14:53.800,1.46232,1.46245,1.00,1.00
2014.06.25 18:14:53.852,1.46228,1.46243,1.00,1.00
2014.06.25 18:14:55.848,1.46228,1.46242,1.00,1.00
2014.06.25 18:14:56.391,1.46227,1.46242,1.00,1.00
2014.06.25 18:14:59.307,1.46227,1.46243,1.00,2.25
2014.06.25 18:15:02.578,1.46225,1.46243,1.69,2.25
2014.06.25 18:15:03.273,1.46225,1.46242,1.25,1.00
2014.06.25 18:15:05.786,1.46224,1.46242,1.69,1.50
2014.06.25 18:15:36.584,1.46224,1.46241,1.00,1.00
2014.06.25 18:15:36.635,1.46222,1.4624,1.25,1.00
2014.06.25 18:15:37.158,1.46221,1.46239,1.69,1.00
2014.06.25 18:15:37.811,1.46221,1.46239,1.50,1.00
2014.06.25 18:15:38.747,1.46223,1.4624,1.00,1.25
2014.06.25 18:15:38.900,1.46227,1.46246,1.00,1.50
2014.06.25 18:15:38.951,1.46229,1.46246,1.00,1.00
2014.06.25 18:15:39.642,1.46227,1.46244,1.00,1.00
2014.06.25 18:15:39.743,1.46225,1.46243,1.00,1.00
2014.06.25 18:15:40.148,1.46222,1.4624,1.69,1.00
2014.06.25 18:15:42.396,1.46224,1.4624,1.00,1.00
2014.06.25 18:15:43.315,1.46225,1.4624,1.00,1.00
2014.06.25 18:15:49.046,1.46225,1.46241,1.00,1.00
2014.06.25 18:15:49.148,1.46225,1.46243,1.50,1.50
2014.06.25 18:15:49.199,1.46228,1.46243,1.00,1.50
2014.06.25 18:15:54.446,1.46228,1.46244,1.00,1.00
2014.06.25 18:15:57.139,1.46228,1.46242,1.00,1.00
2014.06.25 18:16:02.303,1.46228,1.4624,1.00,1.00
2014.06.25 18:16:02.354,1.46225,1.4624,1.00,1.00
2014.06.25 18:16:02.456,1.46226,1.46244,1.00,1.00
2014.06.25 18:16:03.000,1.46226,1.46243,1.00,1.00
2014.06.25 18:16:13.155,1.46228,1.46243,1.00,1.50
2014.06.25 18:16:13.923,1.46228,1.46244,1.00,1.00
2014.06.25 18:16:14.714,1.46228,1.46242,1.00,1.00
2014.06.25 18:16:22.200,1.46228,1.46237,1.00,1.00
2014.06.25 18:16:22.403,1.4622,1.46233,1.00,1.50
2014.06.25 18:16:22.505,1.46217,1.46233,1.00,2.25
2014.06.25 18:16:22.719,1.46217,1.4623,1.00,1.00
2014.06.25 18:16:24.311,1.46217,1.46232,1.00,1.50
2014.06.25 18:16:25.781,1.4622,1.46232,1.00,1.00
2014.06.25 18:16:25.883,1.4622,1.46234,1.00,1.00
2014.06.25 18:16:26.035,1.46217,1.46233,1.50,1.00
2014.06.25 18:16:26.553,1.46215,1.4623,1.50,1.00
2014.06.25 18:16:27.979,1.46216,1.4623,1.00,1.00
2014.06.25 18:16:28.287,1.46219,1.46233,1.00,1.50
2014.06.25 18:16:28.338,1.46216,1.46233,1.00,1.50
2014.06.25 18:16:28.439,1.46215,1.46231,1.50,1.00
2014.06.25 18:16:30.378,1.46215,1.4623,1.00,1.00
2014.06.25 18:16:30.479,1.46213,1.4623,1.00,1.00
2014.06.25 18:16:32.460,1.46216,1.46231,1.00,1.00
2014.06.25 18:16:33.120,1.46217,1.46231,1.00,1.00
2014.06.25 18:16:33.647,1.46215,1.46231,1.00,1.00
2014.06.25 18:16:38.732,1.46213,1.46231,2.44,1.00
2014.06.25 18:16:42.678,1.46215,1.46231,1.00,1.00
2014.06.25 18:16:44.965,1.46216,1.46231,1.00,1.00
2014.06.25 18:16:45.269,1.46216,1.46233,1.50,2.25
2014.06.25 18:16:46.321,1.46217,1.46233,1.00,1.69
2014.06.25 18:16:51.005,1.46216,1.46233,1.00,1.50
2014.06.25 18:16:52.912,1.46218,1.46233,1.00,1.25
2014.06.25 18:16:53.015,1.46218,1.46236,1.00,1.69
2014.06.25 18:16:53.116,1.46216,1.46234,2.25,1.25
2014.06.25 18:16:53.909,1.46216,1.46233,1.50,1.50
2014.06.25 18:16:57.943,1.46215,1.46233,1.00,1.50
2014.06.25 18:16:58.534,1.46214,1.46232,1.25,2.25
2014.06.25 18:17:03.869,1.46214,1.46232,1.19,1.00
2014.06.25 18:17:04.424,1.46215,1.46233,1.25,1.00
2014.06.25 18:17:05.622,1.46214,1.46232,1.69,1.00
2014.06.25 18:17:06.417,1.46216,1.46232,1.00,1.00
2014.06.25 18:17:06.518,1.46214,1.46232,1.25,1.00
2014.06.25 18:17:07.024,1.46215,1.46233,1.00,1.25
2014.06.25 18:17:09.252,1.46213,1.4623,1.50,1.00
2014.06.25 18:17:09.454,1.46214,1.46232,1.00,1.00
2014.06.25 18:17:10.635,1.46212,1.4623,1.69,1.00
2014.06.25 18:17:11.042,1.46215,1.46233,1.00,1.19
2014.06.25 18:17:11.245,1.46213,1.46231,1.50,1.00
2014.06.25 18:17:11.556,1.46215,1.46233,1.00,1.19
2014.06.25 18:17:12.072,1.46216,1.46233,1.50,1.00
2014.06.25 18:17:12.428,1.46213,1.4623,1.00,1.00
2014.06.25 18:17:13.061,1.46212,1.4623,1.00,1.00
2014.06.25 18:17:16.194,1.46214,1.4623,1.00,1.00
2014.06.25 18:17:16.633,1.46212,1.4623,1.25,1.00
2014.06.25 18:17:17.899,1.46212,1.46229,1.25,1.00
2014.06.25 18:17:21.047,1.46209,1.46227,1.19,1.00
2014.06.25 18:17:21.555,1.46209,1.46226,1.00,1.50
2014.06.25 18:17:21.605,1.46209,1.46224,1.00,1.00
2014.06.25 18:17:25.555,1.46208,1.46224,1.13,1.00
2014.06.25 18:17:25.606,1.46208,1.46226,1.13,1.69
2014.06.25 18:17:26.136,1.46207,1.46225,1.13,1.00
2014.06.25 18:17:26.939,1.46207,1.46224,1.13,1.00
2014.06.25 18:17:33.454,1.46204,1.46224,1.57,1.50
2014.06.25 18:17:34.016,1.46205,1.46223,1.25,1.00
2014.06.25 18:17:53.334,1.46203,1.46217,1.19,1.00
2014.06.25 18:17:53.435,1.46202,1.46217,1.25,1.00
2014.06.25 18:17:57.949,1.46199,1.46217,2.25,1.50
2014.06.25 18:17:58.102,1.46198,1.46209,1.25,1.00
2014.06.25 18:17:58.154,1.46196,1.46209,1.69,1.00
2014.06.25 18:17:58.206,1.46196,1.46212,1.69,1.00
2014.06.25 18:18:06.163,1.46203,1.46212,1.00,1.00
2014.06.25 18:18:06.214,1.46203,1.46216,1.00,1.50
2014.06.25 18:18:06.316,1.46202,1.46218,1.00,1.00
2014.06.25 18:18:06.670,1.46202,1.4622,1.00,1.00
2014.06.25 18:18:07.076,1.46202,1.46218,1.00,1.00
2014.06.25 18:18:07.229,1.46202,1.4622,1.69,1.00
2014.06.25 18:18:07.866,1.46203,1.46221,1.00,1.50
2014.06.25 18:18:13.747,1.46203,1.46221,1.19,1.00
2014.06.25 18:18:19.417,1.46203,1.46221,1.25,1.00
2014.06.25 18:18:21.425,1.46204,1.46221,1.00,1.00
2014.06.25 18:18:21.483,1.46206,1.46224,1.00,1.00
2014.06.25 18:18:21.636,1.46206,1.46222,1.00,1.00
2014.06.25 18:18:21.687,1.46204,1.46222,1.25,1.50
2014.06.25 18:18:23.673,1.46201,1.46214,1.32,1.00
2014.06.25 18:18:23.775,1.46198,1.46214,1.00,1.00
2014.06.25 18:18:23.877,1.46196,1.46213,1.00,1.00
2014.06.25 18:18:24.181,1.46201,1.46217,1.50,1.00
2014.06.25 18:18:24.485,1.46204,1.46219,1.00,1.00
2014.06.25 18:18:24.642,1.46204,1.46222,1.00,1.00
2014.06.25 18:18:25.186,1.46205,1.46223,1.25,1.00
2014.06.25 18:18:26.655,1.46205,1.46223,1.19,1.00
2014.06.25 18:18:28.951,1.46205,1.46223,1.25,1.00
2014.06.25 18:18:31.159,1.46205,1.46223,1.19,1.00
2014.06.25 18:18:32.162,1.46205,1.46223,1.25,1.00
2014.06.25 18:18:40.837,1.46203,1.46223,2.82,1.50
2014.06.25 18:18:45.111,1.46203,1.46223,2.44,1.50
2014.06.25 18:18:46.226,1.46203,1.46223,2.44,1.50
2014.06.25 18:18:46.762,1.46205,1.46223,1.00,1.00
2014.06.25 18:18:58.550,1.46204,1.46222,1.69,1.00
2014.06.25 18:18:58.601,1.46204,1.46219,1.25,1.00
2014.06.25 18:18:58.754,1.46202,1.46219,1.50,1.00
2014.06.25 18:19:07.061,1.46202,1.4622,2.44,1.00
2014.06.25 18:19:07.216,1.46204,1.46222,1.00,1.00
2014.06.25 18:19:19.581,1.46204,1.46222,1.19,1.00
2014.06.25 18:19:26.562,1.46204,1.46222,1.25,1.00
2014.06.25 18:19:28.876,1.46205,1.46222,1.00,1.00
2014.06.25 18:19:50.976,1.46212,1.46225,1.00,1.50
2014.06.25 18:19:51.078,1.4621,1.46225,1.50,1.00
2014.06.25 18:19:51.180,1.46212,1.46229,1.00,1.00
2014.06.25 18:19:51.685,1.46211,1.46228,1.25,1.50
2014.06.25 18:19:52.505,1.4621,1.46227,1.50,1.00
2014.06.25 18:19:52.809,1.46209,1.46224,1.25,1.00
2014.06.25 18:19:52.961,1.46207,1.46224,1.00,1.00
2014.06.25 18:19:54.387,1.46206,1.46223,1.50,1.00
2014.06.25 18:20:13.802,1.46206,1.46224,1.00,2.25
2014.06.25 18:20:52.885,1.46206,1.46226,1.25,1.69
2014.06.25 18:20:53.959,1.46206,1.46226,1.19,1.50
2014.06.25 18:20:56.976,1.46206,1.46226,1.19,1.50
2014.06.25 18:20:58.084,1.46206,1.46226,1.25,1.50
2014.06.25 18:20:59.445,1.46206,1.46226,1.19,1.50
2014.06.25 18:21:02.187,1.46206,1.46225,1.19,1.00
2014.06.25 18:21:02.340,1.46205,1.46218,1.00,1.00
2014.06.25 18:21:02.441,1.46204,1.46221,1.00,1.50
2014.06.25 18:21:02.543,1.46202,1.46216,1.25,1.00
2014.06.25 18:21:03.114,1.46201,1.46218,1.19,1.00
2014.06.25 18:21:03.666,1.46201,1.46217,1.00,1.00
2014.06.25 18:21:05.381,1.46201,1.46216,1.00,1.00
2014.06.25 18:21:07.606,1.46201,1.46217,1.00,1.00
2014.06.25 18:21:09.334,1.46201,1.46216,1.00,1.00
2014.06.25 18:21:09.858,1.46201,1.46217,1.00,1.00
2014.06.25 18:21:11.421,1.46201,1.46216,1.00,1.00
2014.06.25 18:21:13.638,1.46201,1.46219,1.00,1.00
2014.06.25 18:21:18.593,1.462,1.46218,1.25,1.00
2014.06.25 18:21:19.332,1.46198,1.46217,1.69,1.00
2014.06.25 18:21:29.404,1.46198,1.46217,1.69,1.50
2014.06.25 18:21:34.741,1.46198,1.46216,1.69,1.00
2014.06.25 18:21:36.503,1.46198,1.46216,1.69,1.00
2014.06.25 18:21:37.500,1.46198,1.46216,1.69,1.00
2014.06.25 18:21:39.415,1.46198,1.46216,1.69,1.00
2014.06.25 18:21:44.310,1.46198,1.46218,1.69,3.00
2014.06.25 18:21:45.123,1.46198,1.46218,1.69,3.00
2014.06.25 18:21:47.211,1.46199,1.46217,1.00,1.00
2014.06.25 18:21:56.058,1.46199,1.46216,1.00,1.00
2014.06.25 18:21:56.109,1.46199,1.46213,1.00,1.00
2014.06.25 18:21:56.160,1.46197,1.46213,1.25,1.00
2014.06.25 18:21:59.632,1.46198,1.46216,1.00,1.69
2014.06.25 18:22:01.881,1.46198,1.46216,1.19,1.00
2014.06.25 18:22:04.089,1.46198,1.46216,1.25,1.00
2014.06.25 18:22:08.093,1.462,1.46217,1.00,1.00
2014.06.25 18:22:28.874,1.462,1.46218,1.25,1.50
2014.06.25 18:22:42.542,1.462,1.46218,1.63,1.00
2014.06.25 18:22:42.694,1.46205,1.46223,1.00,1.25
2014.06.25 18:22:42.998,1.46206,1.46219,1.00,1.00
2014.06.25 18:22:43.252,1.46201,1.46217,1.19,1.00
2014.06.25 18:22:44.148,1.46201,1.46217,1.00,1.00
2014.06.25 18:22:46.429,1.46201,1.46219,1.00,1.00
2014.06.25 18:22:53.308,1.46201,1.46218,1.00,1.00
2014.06.25 18:23:02.914,1.46201,1.46217,1.00,1.00
2014.06.25 18:23:09.946,1.46201,1.46219,1.00,1.25
2014.06.25 18:23:15.025,1.46201,1.46217,1.00,1.00
2014.06.25 18:23:15.796,1.46201,1.46216,1.00,1.00
2014.06.25 18:23:16.300,1.46201,1.46217,1.00,1.00
2014.06.25 18:23:16.351,1.46201,1.46219,1.00,1.25
2014.06.25 18:23:16.553,1.46201,1.46214,1.00,1.00
2014.06.25 18:23:16.677,1.46201,1.46217,1.00,1.00
2014.06.25 18:23:18.387,1.46201,1.46215,1.00,1.00
2014.06.25 18:23:18.640,1.46201,1.46217,1.00,1.00
2014.06.25 18:23:23.888,1.46201,1.46218,1.00,1.25
2014.06.25 18:23:24.182,1.46199,1.46217,1.50,1.00
2014.06.25 18:23:24.284,1.46201,1.46218,1.00,1.69
2014.06.25 18:23:24.790,1.46201,1.46219,1.00,1.25
2014.06.25 18:23:25.308,1.46201,1.46218,1.00,1.00
2014.06.25 18:24:01.463,1.46201,1.46219,1.00,1.00
2014.06.25 18:24:04.654,1.46202,1.4622,1.00,1.00
2014.06.25 18:24:04.958,1.46205,1.46222,1.00,1.50
2014.06.25 18:24:05.509,1.46206,1.46223,1.00,1.50
2014.06.25 18:24:06.281,1.46205,1.46222,1.25,1.00
2014.06.25 18:24:06.787,1.46205,1.46223,1.69,1.00
2014.06.25 18:24:08.502,1.46205,1.46225,1.69,2.44
2014.06.25 18:24:09.488,1.46205,1.46225,1.69,2.25
2014.06.25 18:24:14.367,1.46205,1.46225,1.69,2.25
2014.06.25 18:24:16.679,1.46205,1.46225,1.69,2.25
2014.06.25 18:24:17.307,1.46208,1.46226,1.00,1.50
2014.06.25 18:24:18.493,1.46208,1.46225,1.00,1.00
2014.06.25 18:24:23.869,1.46208,1.46226,1.00,1.50
2014.06.25 18:24:28.491,1.46209,1.46226,1.00,1.00
2014.06.25 18:24:38.209,1.46209,1.46227,1.00,1.00
2014.06.25 18:24:38.513,1.46212,1.4623,1.00,1.25
2014.06.25 18:24:42.258,1.46212,1.46229,1.00,1.00
2014.06.25 18:24:42.360,1.4621,1.46228,1.50,1.00
2014.06.25 18:24:42.910,1.46209,1.46227,1.69,1.00
2014.06.25 18:24:43.062,1.46208,1.46225,1.00,1.00
2014.06.25 18:24:43.366,1.46208,1.46222,1.00,1.25
2014.06.25 18:24:43.417,1.46204,1.46222,1.50,1.25
2014.06.25 18:24:43.620,1.46206,1.46223,1.00,1.00
2014.06.25 18:24:44.170,1.46205,1.46223,1.00,1.50
2014.06.25 18:24:45.193,1.46204,1.46222,1.25,1.00
2014.06.25 18:24:45.823,1.46206,1.46222,1.00,1.00
2014.06.25 18:24:46.806,1.46205,1.46222,1.00,1.00
2014.06.25 18:24:47.403,1.46205,1.46223,1.50,1.25
2014.06.25 18:24:48.178,1.46205,1.46222,1.00,1.00
2014.06.25 18:24:51.887,1.46203,1.4622,1.19,1.00
2014.06.25 18:24:51.938,1.46202,1.4622,1.69,1.00
2014.06.25 18:24:52.467,1.46203,1.46221,1.00,1.00
2014.06.25 18:24:54.715,1.46203,1.4622,1.25,1.00
2014.06.25 18:24:55.069,1.46201,1.46219,1.00,1.00
2014.06.25 18:25:06.105,1.46201,1.46219,1.00,1.19
2014.06.25 18:25:06.477,1.46199,1.46217,1.00,1.00
2014.06.25 18:25:14.587,1.46201,1.46217,1.00,1.00
2014.06.25 18:25:15.141,1.46201,1.46218,1.00,1.00
2014.06.25 18:25:17.657,1.462,1.46218,1.00,1.00
2014.06.25 18:25:22.327,1.46201,1.46218,1.00,1.00
2014.06.25 18:25:23.047,1.462,1.4622,2.25,1.69
2014.06.25 18:25:23.583,1.462,1.4622,2.44,1.69
2014.06.25 18:25:23.887,1.46206,1.46221,1.00,1.00
2014.06.25 18:25:24.191,1.4621,1.4623,1.50,2.44
2014.06.25 18:25:24.242,1.4621,1.4623,1.69,2.44
2014.06.25 18:25:24.394,1.4621,1.46228,1.69,1.00
2014.06.25 18:25:24.698,1.46212,1.46229,1.00,1.00
2014.06.25 18:25:25.241,1.46211,1.4623,1.50,1.00
2014.06.25 18:25:25.756,1.46211,1.46231,1.50,1.50
2014.06.25 18:25:26.377,1.46212,1.46231,1.00,1.50
2014.06.25 18:25:26.897,1.46213,1.46231,1.00,1.50
2014.06.25 18:25:27.894,1.46212,1.46231,1.25,1.50
2014.06.25 18:25:28.556,1.46213,1.46231,1.00,1.50
2014.06.25 18:25:29.058,1.46214,1.46232,1.00,1.00
2014.06.25 18:25:33.564,1.46213,1.46231,2.44,1.00
2014.06.25 18:25:33.865,1.46213,1.46229,1.19,1.00
2014.06.25 18:25:34.417,1.46213,1.46229,1.00,1.00
2014.06.25 18:25:36.307,1.46213,1.46231,1.50,1.00
2014.06.25 18:25:44.012,1.46213,1.46231,1.69,1.00
2014.06.25 18:25:45.015,1.46213,1.46231,1.69,1.00
2014.06.25 18:25:45.892,1.46213,1.46229,1.25,1.00
2014.06.25 18:25:46.425,1.46213,1.4623,1.69,1.00
2014.06.25 18:25:52.109,1.46212,1.4623,1.25,1.00
2014.06.25 18:25:53.078,1.46213,1.4623,1.00,1.00
2014.06.25 18:26:00.904,1.46213,1.46229,1.00,1.00
2014.06.25 18:26:01.190,1.46214,1.46232,1.00,1.25
2014.06.25 18:26:11.326,1.46213,1.46232,1.69,1.00
2014.06.25 18:26:11.635,1.46213,1.4623,1.19,1.00
2014.06.25 18:26:11.686,1.46212,1.4623,1.00,1.00
2014.06.25 18:26:13.139,1.46211,1.4623,1.00,1.69
2014.06.25 18:26:13.656,1.46211,1.46227,1.00,1.00
2014.06.25 18:26:13.960,1.46214,1.46229,1.00,1.00
2014.06.25 18:26:14.062,1.46214,1.46232,1.00,1.00
2014.06.25 18:26:14.163,1.46216,1.46232,1.00,1.38
2014.06.25 18:26:14.287,1.46217,1.46235,1.00,1.19
2014.06.25 18:26:14.644,1.46218,1.46236,1.00,1.88
2014.06.25 18:26:14.849,1.46216,1.46234,2.44,1.00
2014.06.25 18:26:15.154,1.46216,1.46231,1.00,1.00
2014.06.25 18:26:16.116,1.46215,1.46231,1.00,1.00
2014.06.25 18:26:17.307,1.46216,1.46231,1.00,1.00
2014.06.25 18:26:19.076,1.46217,1.46231,1.00,1.00
2014.06.25 18:26:23.072,1.46217,1.46232,1.00,1.00
2014.06.25 18:26:23.326,1.46217,1.46234,1.00,1.50
2014.06.25 18:26:23.479,1.46217,1.46231,1.00,1.00
2014.06.25 18:26:25.612,1.46217,1.46232,1.00,1.00
2014.06.25 18:26:26.170,1.46217,1.46234,1.00,1.19
2014.06.25 18:26:26.676,1.46217,1.46234,1.00,1.00
2014.06.25 18:26:29.626,1.46219,1.46234,1.00,1.00
2014.06.25 18:26:30.300,1.46219,1.46233,1.00,1.00
2014.06.25 18:26:31.870,1.46216,1.46233,1.00,1.00
2014.06.25 18:26:47.681,1.46215,1.46233,1.69,1.00
2014.06.25 18:26:54.927,1.46215,1.46231,1.00,1.00
2014.06.25 18:26:55.231,1.46208,1.46222,1.00,1.00
2014.06.25 18:26:55.383,1.46202,1.46221,2.25,1.00
2014.06.25 18:26:55.636,1.46207,1.46221,1.00,1.50
2014.06.25 18:26:55.841,1.46204,1.46221,1.00,1.00
2014.06.25 18:26:55.943,1.46204,1.46219,1.00,1.00
2014.06.25 18:26:56.124,1.46204,1.46221,1.50,1.00
2014.06.25 18:26:56.175,1.46207,1.46221,1.00,1.00
2014.06.25 18:26:58.293,1.46207,1.4622,1.00,1.00
2014.06.25 18:26:58.854,1.46207,1.46219,1.00,1.00
2014.06.25 18:27:00.563,1.46207,1.46217,1.00,1.00
2014.06.25 18:27:00.614,1.46202,1.46217,1.00,1.00
2014.06.25 18:27:00.766,1.46202,1.46215,1.00,1.00
2014.06.25 18:27:00.817,1.462,1.46215,1.00,1.00
2014.06.25 18:27:02.382,1.46197,1.46215,1.69,1.00
2014.06.25 18:27:02.484,1.46197,1.46213,1.00,1.00
2014.06.25 18:27:03.345,1.46197,1.46214,1.00,1.00
2014.06.25 18:27:07.778,1.46196,1.46214,1.50,1.00
2014.06.25 18:27:13.457,1.46197,1.46214,1.00,1.00
2014.06.25 18:27:14.226,1.46196,1.46214,1.50,1.00
2014.06.25 18:27:14.886,1.46197,1.46214,1.00,1.00
2014.06.25 18:27:17.198,1.46196,1.46214,1.50,1.00
2014.06.25 18:27:25.466,1.46196,1.46213,1.00,1.50
2014.06.25 18:27:25.922,1.46198,1.46213,1.00,1.00
2014.06.25 18:27:33.752,1.46198,1.46214,1.00,1.00
2014.06.25 18:27:41.616,1.462,1.46214,1.00,1.00
2014.06.25 18:27:48.373,1.462,1.46215,1.00,1.00
2014.06.25 18:27:48.917,1.462,1.46216,1.00,1.00
2014.06.25 18:27:56.587,1.46198,1.46216,1.50,1.00
2014.06.25 18:28:04.116,1.46198,1.46214,1.00,1.00
2014.06.25 18:28:04.218,1.46195,1.46213,1.25,1.00
2014.06.25 18:28:04.421,1.46197,1.46215,1.00,1.00
2014.06.25 18:28:07.354,1.46198,1.46215,1.00,1.25
2014.06.25 18:28:10.313,1.46201,1.46216,1.00,1.19
2014.06.25 18:28:10.423,1.46202,1.46217,1.00,1.00
2014.06.25 18:28:10.578,1.46202,1.46219,1.00,1.00
2014.06.25 18:28:10.731,1.46202,1.46217,1.00,1.00
2014.06.25 18:28:10.832,1.46199,1.46217,1.25,1.00
2014.06.25 18:28:15.635,1.462,1.46218,1.00,1.00
2014.06.25 18:28:16.165,1.46198,1.46218,1.50,1.50
2014.06.25 18:28:16.708,1.46197,1.46217,1.69,1.50
2014.06.25 18:28:22.425,1.46197,1.46217,1.69,1.50
2014.06.25 18:28:23.477,1.46197,1.46217,1.50,1.69
2014.06.25 18:28:32.109,1.46197,1.46217,1.50,2.44
2014.06.25 18:28:33.276,1.46197,1.46215,1.00,1.00
2014.06.25 18:28:58.788,1.46198,1.46216,1.00,1.69
2014.06.25 18:29:06.818,1.46197,1.46215,1.25,1.00
2014.06.25 18:29:21.669,1.46197,1.46215,1.19,1.00
2014.06.25 18:29:22.630,1.46197,1.46215,1.00,1.00
2014.06.25 18:29:23.267,1.46198,1.46216,1.00,1.69
2014.06.25 18:29:40.184,1.46197,1.46215,1.50,1.00
2014.06.25 18:29:44.352,1.462,1.46216,1.00,1.00
2014.06.25 18:29:44.454,1.462,1.46218,1.00,1.00
2014.06.25 18:29:44.505,1.46202,1.46219,1.00,1.00
2014.06.25 18:29:45.052,1.46202,1.4622,1.00,1.69
2014.06.25 18:29:47.002,1.46202,1.46219,1.00,1.00
2014.06.25 18:29:47.566,1.46201,1.46219,1.00,2.25
2014.06.25 18:29:52.898,1.46207,1.46219,1.00,1.50
2014.06.25 18:29:53.000,1.46205,1.46221,1.00,2.44
2014.06.25 18:29:53.517,1.46204,1.46221,1.00,1.50
2014.06.25 18:29:53.618,1.46203,1.46219,1.00,1.00
2014.06.25 18:29:53.669,1.46201,1.46219,1.00,1.00
2014.06.25 18:29:54.545,1.46202,1.4622,1.00,2.44
2014.06.25 18:29:54.647,1.46209,1.4622,1.00,1.00
2014.06.25 18:29:54.698,1.46209,1.46223,1.00,1.00
2014.06.25 18:29:54.750,1.46205,1.46223,2.25,1.00
2014.06.25 18:29:54.902,1.46205,1.46226,2.25,2.44
2014.06.25 18:29:54.953,1.46205,1.46223,1.00,1.00
2014.06.25 18:29:55.477,1.46204,1.46221,1.00,1.00
2014.06.25 18:29:55.812,1.46203,1.46219,1.00,1.00
2014.06.25 18:29:55.863,1.46201,1.46219,1.00,1.00
2014.06.25 18:29:56.478,1.46201,1.46218,1.00,1.00
2014.06.25 18:29:57.026,1.462,1.46217,2.25,1.25
2014.06.25 18:30:02.974,1.46198,1.46216,1.00,1.00
2014.06.25 18:30:27.088,1.46198,1.46216,1.00,1.19
2014.06.25 18:30:29.597,1.46198,1.46216,1.00,1.25
2014.06.25 18:30:35.597,1.46199,1.46217,1.00,1.19
2014.06.25 18:30:36.657,1.46199,1.46217,1.00,1.25
2014.06.25 18:30:36.810,1.46201,1.46218,1.00,1.19
2014.06.25 18:30:36.912,1.46199,1.46217,1.00,1.00
2014.06.25 18:30:58.818,1.462,1.46218,1.00,1.50
2014.06.25 18:31:35.484,1.462,1.46218,1.50,1.19
2014.06.25 18:31:36.157,1.462,1.46218,1.50,1.00
2014.06.25 18:31:43.831,1.462,1.46219,1.25,1.00
2014.06.25 18:31:44.521,1.462,1.4622,1.69,1.69
2014.06.25 18:32:13.424,1.46203,1.4622,1.00,1.00
2014.06.25 18:32:13.576,1.46204,1.46222,1.00,1.00
2014.06.25 18:32:14.121,1.46204,1.46221,1.00,1.00
2014.06.25 18:32:15.740,1.4621,1.46221,1.00,1.00
2014.06.25 18:32:15.841,1.46207,1.46225,1.00,1.00
2014.06.25 18:32:17.437,1.46207,1.46224,1.00,1.00
2014.06.25 18:32:17.489,1.46204,1.46224,2.44,1.50
2014.06.25 18:32:18.427,1.46204,1.46224,2.44,1.50
2014.06.25 18:32:20.613,1.46204,1.46224,2.44,1.69
2014.06.25 18:32:22.822,1.46204,1.46224,2.25,1.69
2014.06.25 18:32:23.342,1.46205,1.46224,1.25,1.50
2014.06.25 18:32:23.877,1.46204,1.46224,1.50,1.69
2014.06.25 18:32:24.425,1.46205,1.46225,1.50,2.25
2014.06.25 18:32:24.941,1.46206,1.46225,1.00,1.50
2014.06.25 18:32:26.849,1.46206,1.46225,1.19,1.50
2014.06.25 18:32:29.158,1.46206,1.46225,1.25,1.50
2014.06.25 18:32:35.071,1.46208,1.46225,1.00,1.50
2014.06.25 18:32:42.638,1.46211,1.46225,1.00,1.50
2014.06.25 18:32:45.067,1.46208,1.46222,1.00,1.00
2014.06.25 18:32:45.170,1.46204,1.46222,1.50,1.00
2014.06.25 18:32:45.690,1.46208,1.46223,1.00,1.25
2014.06.25 18:32:45.842,1.46204,1.46222,1.25,1.00
2014.06.25 18:32:47.897,1.46208,1.46222,1.00,1.00
2014.06.25 18:32:51.093,1.46207,1.46222,1.00,1.00
2014.06.25 18:32:54.381,1.4621,1.46224,1.00,1.25
2014.06.25 18:32:54.685,1.46212,1.46224,1.00,1.00
2014.06.25 18:32:55.216,1.46212,1.46226,1.00,1.19
2014.06.25 18:32:55.765,1.46212,1.46226,1.00,1.25
2014.06.25 18:32:57.794,1.46212,1.46226,1.00,1.19
2014.06.25 18:33:00.678,1.46213,1.46226,1.00,1.19
2014.06.25 18:33:01.227,1.46213,1.46226,1.00,1.25
2014.06.25 18:33:01.778,1.46214,1.46226,1.00,1.25
2014.06.25 18:33:03.837,1.46213,1.46226,1.00,1.25
2014.06.25 18:33:04.406,1.46212,1.46226,1.00,1.25
2014.06.25 18:33:05.395,1.46213,1.46226,1.00,2.44
2014.06.25 18:33:06.598,1.46213,1.46226,1.00,3.19
2014.06.25 18:33:08.809,1.46213,1.46226,1.00,3.19
2014.06.25 18:33:09.468,1.46213,1.46227,1.00,1.50
2014.06.25 18:33:09.773,1.46216,1.46228,1.00,1.25
2014.06.25 18:33:10.544,1.46211,1.46228,1.00,1.25
2014.06.25 18:33:10.696,1.46211,1.46226,1.00,1.00
2014.06.25 18:33:11.984,1.46209,1.46226,1.00,1.00
2014.06.25 18:33:12.653,1.46208,1.46226,1.50,1.00
2014.06.25 18:33:15.391,1.46208,1.46224,1.00,1.00
2014.06.25 18:33:17.387,1.46206,1.46224,1.25,1.00
2014.06.25 18:33:24.596,1.46206,1.46224,1.19,1.00
2014.06.25 18:33:24.647,1.4621,1.46226,1.00,1.50
2014.06.25 18:33:24.748,1.4621,1.46228,1.50,1.25
2014.06.25 18:33:24.929,1.46212,1.46228,1.00,1.25
2014.06.25 18:33:27.790,1.46212,1.46227,1.00,1.00
2014.06.25 18:33:45.121,1.4621,1.46227,1.50,1.00
2014.06.25 18:33:47.934,1.4621,1.46228,1.50,1.50
2014.06.25 18:33:50.195,1.46217,1.46228,1.00,1.00
2014.06.25 18:33:50.297,1.46215,1.46233,1.00,1.00
2014.06.25 18:33:53.380,1.46214,1.46233,1.25,1.00
2014.06.25 18:33:54.021,1.46213,1.46233,2.44,1.50
2014.06.25 18:33:55.018,1.46216,1.46234,1.00,1.00
2014.06.25 18:33:55.221,1.46216,1.46234,1.69,1.00
2014.06.25 18:33:55.323,1.46216,1.46234,1.25,1.50
2014.06.25 18:33:55.425,1.46216,1.46232,1.69,1.00
2014.06.25 18:33:55.526,1.46216,1.46234,1.69,1.00
2014.06.25 18:33:55.729,1.46216,1.46232,1.25,1.00
2014.06.25 18:33:56.320,1.46215,1.46232,1.69,1.00
2014.06.25 18:33:57.012,1.46215,1.46233,1.69,2.25
2014.06.25 18:34:05.003,1.46219,1.46233,1.00,1.50
2014.06.25 18:34:05.105,1.46221,1.46239,1.00,1.50
2014.06.25 18:34:05.509,1.46219,1.46237,2.44,1.00
2014.06.25 18:34:06.016,1.46218,1.46236,1.00,1.50
2014.06.25 18:34:08.743,1.46218,1.46232,1.00,1.00
2014.06.25 18:34:09.553,1.46218,1.46236,1.00,1.50
2014.06.25 18:34:16.116,1.46217,1.46234,1.00,1.00
2014.06.25 18:34:16.713,1.46215,1.46233,1.19,1.00
2014.06.25 18:34:17.217,1.46215,1.46233,1.00,1.00
2014.06.25 18:34:18.647,1.46216,1.46234,1.00,2.44
2014.06.25 18:34:19.222,1.46215,1.46233,1.50,1.00
2014.06.25 18:34:19.812,1.46214,1.46232,1.00,1.00
2014.06.25 18:34:20.532,1.46214,1.46232,1.19,1.00
2014.06.25 18:34:21.040,1.46214,1.46231,1.19,1.00
2014.06.25 18:34:21.588,1.46214,1.46232,1.69,1.00
2014.06.25 18:34:22.091,1.46214,1.46232,1.69,1.00
2014.06.25 18:34:24.355,1.46216,1.46232,1.00,1.00
2014.06.25 18:34:24.966,1.46216,1.46233,1.00,1.00
2014.06.25 18:34:26.666,1.46215,1.46232,1.00,1.00
2014.06.25 18:34:27.276,1.46216,1.46233,1.00,1.00
2014.06.25 18:34:33.155,1.46215,1.46232,1.00,1.00
2014.06.25 18:34:35.790,1.46215,1.46233,1.00,1.00
2014.06.25 18:34:43.882,1.46221,1.46234,1.00,1.00
2014.06.25 18:34:44.389,1.46219,1.46234,1.25,1.00
2014.06.25 18:34:44.606,1.46219,1.46232,1.25,1.00
2014.06.25 18:34:45.409,1.46218,1.46232,1.00,1.00
2014.06.25 18:34:45.510,1.46216,1.46232,1.00,1.00
2014.06.25 18:34:46.527,1.46215,1.46232,1.25,1.00
2014.06.25 18:34:56.898,1.46214,1.46232,1.69,1.00
2014.06.25 18:35:03.317,1.46216,1.46232,1.00,1.50
2014.06.25 18:35:07.970,1.46214,1.46232,1.00,2.25
2014.06.25 18:35:10.304,1.46214,1.46231,1.00,1.00
2014.06.25 18:35:10.630,1.46212,1.4623,1.25,1.50
2014.06.25 18:35:16.239,1.46214,1.46231,1.00,1.00
2014.06.25 18:35:16.754,1.46214,1.46232,1.00,1.50
2014.06.25 18:35:18.291,1.46217,1.46232,1.00,1.00
2014.06.25 18:35:18.524,1.46214,1.46232,1.00,1.00
2014.06.25 18:35:22.631,1.46215,1.46232,1.00,1.00
2014.06.25 18:35:23.224,1.46216,1.46233,1.00,1.69
2014.06.25 18:35:24.945,1.4622,1.46233,1.00,1.25
2014.06.25 18:35:24.996,1.46221,1.46235,1.00,1.00
2014.06.25 18:35:25.350,1.46221,1.46238,1.00,1.00
2014.06.25 18:35:25.554,1.46221,1.46235,1.00,1.00
2014.06.25 18:35:30.809,1.46221,1.46235,1.19,1.00
2014.06.25 18:35:44.592,1.4622,1.46236,1.00,1.00
2014.06.25 18:35:44.847,1.4622,1.46238,1.00,1.50
2014.06.25 18:35:45.858,1.4622,1.46238,1.19,1.50
2014.06.25 18:35:47.894,1.4622,1.46238,1.19,1.50
2014.06.25 18:35:48.441,1.46219,1.46237,2.07,1.00
2014.06.25 18:35:48.594,1.46218,1.46235,2.07,1.00
2014.06.25 18:35:49.774,1.46218,1.46235,1.19,1.00
2014.06.25 18:35:57.897,1.46218,1.46235,1.69,1.00
2014.06.25 18:36:00.254,1.46218,1.46235,1.69,1.00
2014.06.25 18:36:00.915,1.46218,1.46235,1.19,1.00
2014.06.25 18:36:05.126,1.46218,1.46235,1.19,1.00
2014.06.25 18:36:06.230,1.46218,1.46235,1.19,1.00
2014.06.25 18:36:10.657,1.46219,1.46236,1.19,1.00
2014.06.25 18:36:13.457,1.46219,1.46236,1.69,1.00
2014.06.25 18:36:15.961,1.46217,1.46235,1.32,1.00
2014.06.25 18:36:16.473,1.46217,1.46235,2.07,1.00
2014.06.25 18:36:19.081,1.46217,1.46235,2.07,1.00
2014.06.25 18:36:19.406,1.4622,1.46238,1.00,1.19
2014.06.25 18:36:20.286,1.4622,1.46238,1.00,1.25
2014.06.25 18:36:25.400,1.4622,1.46238,1.19,1.00
2014.06.25 18:36:29.012,1.4622,1.46238,1.25,1.00
2014.06.25 18:36:31.132,1.4622,1.46238,1.19,1.00
2014.06.25 18:36:31.183,1.46222,1.4624,1.50,1.00
2014.06.25 18:36:31.285,1.46224,1.46241,1.00,1.00
2014.06.25 18:36:37.401,1.46224,1.46242,1.50,1.25
2014.06.25 18:36:37.849,1.46227,1.46243,1.00,1.19
2014.06.25 18:36:38.369,1.46227,1.46244,1.00,1.69
2014.06.25 18:36:39.031,1.46227,1.46244,1.00,1.50
2014.06.25 18:36:44.454,1.46228,1.46244,1.00,1.50
2014.06.25 18:36:47.421,1.46227,1.46244,1.00,1.50
2014.06.25 18:36:49.070,1.46226,1.46244,1.00,1.50
2014.06.25 18:36:49.222,1.46224,1.46244,1.50,2.44
2014.06.25 18:36:49.728,1.46224,1.46242,1.00,1.00
2014.06.25 18:37:01.523,1.46222,1.4624,1.19,1.00
2014.06.25 18:37:02.068,1.46222,1.4624,1.00,1.00
2014.06.25 18:37:04.183,1.46223,1.4624,1.00,1.00
2014.06.25 18:37:07.918,1.46224,1.4624,1.00,1.00
2014.06.25 18:37:08.424,1.46224,1.46241,1.00,1.00
2014.06.25 18:37:11.661,1.46229,1.46243,1.00,1.19
2014.06.25 18:37:12.117,1.46226,1.46243,1.00,1.00
2014.06.25 18:37:32.264,1.46226,1.46242,1.00,1.00
2014.06.25 18:37:32.795,1.46226,1.46243,1.00,1.00
2014.06.25 18:37:48.437,1.46226,1.46244,1.50,1.00
2014.06.25 18:37:49.743,1.46226,1.46243,1.00,1.00
2014.06.25 18:37:57.329,1.46226,1.46244,1.50,1.00
2014.06.25 18:37:59.656,1.46225,1.46243,1.50,1.00
2014.06.25 18:38:04.791,1.46226,1.46243,1.00,1.00
2014.06.25 18:38:05.554,1.46225,1.46243,1.50,1.00
2014.06.25 18:38:18.834,1.46224,1.46241,1.69,1.00
2014.06.25 18:38:33.183,1.46221,1.46241,2.44,1.50
2014.06.25 18:38:33.234,1.46221,1.46239,1.69,1.00
2014.06.25 18:38:33.860,1.46221,1.46237,1.00,1.00
2014.06.25 18:38:33.911,1.46219,1.46237,1.00,1.00
2014.06.25 18:38:35.047,1.46219,1.46234,1.00,1.00
2014.06.25 18:38:40.948,1.46217,1.46234,1.69,1.00
2014.06.25 18:38:58.796,1.46216,1.46234,1.69,1.00
2014.06.25 18:38:59.322,1.46216,1.46234,1.19,1.00
2014.06.25 18:39:03.536,1.46217,1.46235,1.25,1.50
2014.06.25 18:39:04.537,1.46219,1.46235,2.10,1.50
2014.06.25 18:39:04.843,1.46227,1.46247,3.19,2.25
2014.06.25 18:39:04.902,1.46227,1.46245,2.44,1.00
2014.06.25 18:39:04.953,1.46225,1.46242,1.00,1.00
2014.06.25 18:39:05.054,1.46225,1.46239,1.00,1.00
2014.06.25 18:39:05.409,1.46222,1.4624,1.19,1.00
2014.06.25 18:39:05.850,1.46227,1.4624,1.00,1.00
2014.06.25 18:39:06.155,1.46228,1.46242,1.19,1.00
2014.06.25 18:39:06.206,1.46228,1.46246,1.69,1.50
2014.06.25 18:39:06.714,1.4623,1.46247,1.00,1.00
2014.06.25 18:39:07.244,1.4623,1.46248,1.69,1.00
2014.06.25 18:39:07.621,1.46235,1.46248,1.00,1.00
2014.06.25 18:39:07.673,1.46235,1.46251,1.00,1.50
2014.06.25 18:39:07.927,1.46237,1.46251,1.00,1.00
2014.06.25 18:39:11.978,1.46233,1.46251,1.25,1.00
2014.06.25 18:39:14.362,1.46233,1.46251,1.19,1.00
2014.06.25 18:39:14.516,1.46237,1.46253,1.00,1.00
2014.06.25 18:39:14.820,1.46244,1.46258,1.00,1.25
2014.06.25 18:39:14.872,1.46246,1.46261,1.00,1.13
2014.06.25 18:39:15.024,1.46247,1.46264,1.00,1.00
2014.06.25 18:39:15.217,1.46245,1.46263,1.00,1.00
2014.06.25 18:39:16.848,1.46246,1.46263,1.00,1.00
2014.06.25 18:39:17.354,1.46245,1.46263,1.00,1.00
2014.06.25 18:39:18.130,1.46245,1.46262,1.00,1.00
2014.06.25 18:39:19.129,1.46245,1.4626,1.25,1.00
2014.06.25 18:39:19.232,1.4624,1.46258,1.00,1.50
2014.06.25 18:39:19.384,1.46238,1.46256,1.00,1.00
2014.06.25 18:39:20.067,1.46246,1.46259,1.00,1.00
2014.06.25 18:39:20.425,1.46247,1.46265,1.00,1.50
2014.06.25 18:39:20.961,1.46247,1.46265,1.19,1.00
2014.06.25 18:39:21.316,1.46247,1.46262,1.19,1.00
2014.06.25 18:39:21.469,1.46245,1.46262,1.00,1.50
2014.06.25 18:39:21.625,1.46245,1.4626,1.00,1.00
2014.06.25 18:39:22.262,1.46242,1.4626,1.19,1.50
2014.06.25 18:39:22.313,1.46242,1.4626,1.25,1.50
2014.06.25 18:39:22.617,1.4624,1.46258,1.69,1.00
2014.06.25 18:39:23.353,1.4624,1.46258,1.69,1.00
2014.06.25 18:39:24.375,1.4624,1.46259,1.69,1.00
2014.06.25 18:39:24.476,1.46238,1.46256,1.19,1.00
2014.06.25 18:39:25.112,1.46238,1.46256,1.00,1.00
2014.06.25 18:39:25.165,1.4624,1.46258,1.00,2.25
2014.06.25 18:39:25.469,1.46246,1.46263,1.00,1.00
2014.06.25 18:39:25.975,1.46247,1.46265,1.00,1.50
2014.06.25 18:39:27.357,1.46247,1.46263,1.00,1.00
2014.06.25 18:39:27.408,1.46245,1.46263,1.25,1.50
2014.06.25 18:39:28.881,1.46244,1.46259,1.00,1.00
2014.06.25 18:39:29.085,1.46242,1.46258,1.00,1.00
2014.06.25 18:39:29.136,1.46242,1.4626,1.00,1.69
2014.06.25 18:39:29.187,1.4624,1.46258,1.00,1.00
2014.06.25 18:39:29.491,1.46238,1.46256,1.00,1.00
2014.06.25 18:39:29.908,1.46236,1.46254,1.19,1.00
2014.06.25 18:39:31.560,1.46236,1.46254,1.88,1.00
2014.06.25 18:39:31.663,1.46242,1.4626,1.00,1.50
2014.06.25 18:39:31.714,1.46244,1.4626,1.00,1.00
2014.06.25 18:39:31.877,1.46244,1.46262,1.00,1.50
2014.06.25 18:39:35.056,1.46244,1.46259,1.00,1.00
2014.06.25 18:39:35.310,1.46239,1.46257,1.19,1.00
2014.06.25 18:39:35.616,1.46245,1.46261,1.00,1.00
2014.06.25 18:39:35.819,1.46245,1.46263,1.00,1.00
2014.06.25 18:39:36.326,1.46244,1.46262,1.25,1.00
2014.06.25 18:39:37.134,1.46244,1.4626,1.00,1.00
2014.06.25 18:39:37.388,1.46242,1.46259,1.00,1.00
2014.06.25 18:39:37.489,1.46243,1.46261,1.00,1.00
2014.06.25 18:39:37.590,1.46246,1.46261,1.00,1.00
2014.06.25 18:39:37.641,1.46246,1.46263,1.00,1.69
2014.06.25 18:39:38.339,1.46247,1.46263,1.00,1.25
2014.06.25 18:39:39.126,1.46245,1.46263,1.19,1.00
2014.06.25 18:39:39.227,1.46242,1.4626,1.69,1.00
2014.06.25 18:39:39.734,1.46243,1.46259,1.00,1.00
2014.06.25 18:39:40.260,1.46241,1.46259,1.69,1.00
2014.06.25 18:39:40.791,1.46241,1.46259,1.50,1.00
2014.06.25 18:39:46.230,1.46241,1.46258,1.00,1.00
2014.06.25 18:39:46.737,1.4624,1.46258,1.50,1.00
2014.06.25 18:39:46.839,1.46242,1.46258,1.00,1.00
2014.06.25 18:39:46.991,1.46244,1.46262,1.00,1.50
2014.06.25 18:39:48.293,1.46243,1.46261,1.19,1.00
2014.06.25 18:39:48.648,1.46242,1.4626,1.25,1.50
2014.06.25 18:39:49.923,1.4624,1.46258,1.19,1.00
2014.06.25 18:39:50.229,1.46238,1.46256,1.25,1.00
2014.06.25 18:39:53.463,1.46241,1.46256,1.00,1.69
2014.06.25 18:39:57.055,1.46241,1.46256,1.00,1.69
2014.06.25 18:39:59.861,1.4624,1.46256,1.00,1.69
2014.06.25 18:40:00.377,1.46238,1.46254,1.00,1.50
2014.06.25 18:40:04.337,1.46237,1.46254,1.00,2.25
2014.06.25 18:40:09.639,1.46236,1.46254,1.25,1.50
2014.06.25 18:40:09.741,1.46238,1.46253,1.25,1.00
2014.06.25 18:40:09.843,1.46237,1.46255,1.19,1.00
2014.06.25 18:40:10.350,1.46239,1.46256,1.50,1.00
2014.06.25 18:40:10.451,1.46239,1.46256,1.69,1.00
2014.06.25 18:40:10.705,1.46239,1.46256,1.19,1.50
2014.06.25 18:40:10.756,1.46238,1.46256,1.69,1.50
2014.06.25 18:40:11.060,1.46238,1.46256,1.19,1.50
2014.06.25 18:40:17.371,1.46239,1.46256,1.25,1.00
2014.06.25 18:40:44.359,1.46239,1.46256,1.19,1.00
2014.06.25 18:40:52.884,1.46239,1.46256,1.25,1.00
2014.06.25 18:40:55.340,1.46242,1.46256,1.00,1.00
2014.06.25 18:41:09.820,1.46242,1.46258,1.00,1.50
2014.06.25 18:41:22.416,1.4624,1.46258,1.50,1.50
2014.06.25 18:41:35.436,1.4624,1.46258,1.19,1.00
2014.06.25 18:41:37.143,1.4624,1.46258,1.25,1.50
2014.06.25 18:41:47.468,1.46239,1.46249,1.25,1.00
2014.06.25 18:41:47.570,1.46239,1.46252,1.00,1.50
2014.06.25 18:41:47.621,1.46232,1.46251,1.50,1.00
2014.06.25 18:41:47.672,1.46231,1.46248,1.00,1.00
2014.06.25 18:41:47.976,1.46225,1.4624,1.00,1.00
2014.06.25 18:41:48.027,1.46225,1.46243,1.00,1.50
2014.06.25 18:41:48.179,1.46228,1.46242,1.00,1.00
2014.06.25 18:41:48.489,1.46231,1.46246,1.00,1.00
2014.06.25 18:41:49.594,1.46228,1.46246,1.00,1.00
2014.06.25 18:41:49.747,1.46227,1.46243,1.00,1.00
2014.06.25 18:41:50.057,1.4623,1.46243,1.00,1.00
2014.06.25 18:41:50.159,1.46227,1.46242,1.00,1.00
2014.06.25 18:41:50.669,1.46226,1.46242,1.00,1.50
2014.06.25 18:41:52.866,1.46233,1.46242,1.00,1.50
2014.06.25 18:41:53.019,1.46238,1.46249,1.00,1.00
2014.06.25 18:41:53.120,1.46232,1.46249,1.00,1.25
2014.06.25 18:41:53.171,1.4623,1.46246,1.00,1.00
2014.06.25 18:41:53.475,1.46232,1.46244,1.00,1.00
2014.06.25 18:41:53.627,1.46232,1.46246,1.00,1.00
2014.06.25 18:41:54.171,1.46233,1.46246,1.00,1.00
2014.06.25 18:41:54.844,1.46228,1.46246,1.00,1.00
2014.06.25 18:41:54.996,1.46227,1.46243,1.00,1.00
2014.06.25 18:41:55.548,1.46228,1.46243,1.00,1.00
2014.06.25 18:41:56.095,1.46227,1.46242,1.00,1.00
2014.06.25 18:41:56.636,1.46232,1.46242,1.00,1.00
2014.06.25 18:41:56.941,1.46234,1.46243,1.00,1.00
2014.06.25 18:41:58.186,1.46228,1.46243,1.00,1.00
2014.06.25 18:41:58.388,1.46231,1.46245,1.00,1.00
2014.06.25 18:41:58.590,1.46228,1.46243,1.00,1.00
2014.06.25 18:41:59.096,1.46227,1.46243,1.00,1.50
2014.06.25 18:41:59.147,1.46232,1.46243,1.00,1.50
2014.06.25 18:41:59.400,1.46233,1.46247,1.00,3.19
2014.06.25 18:42:00.041,1.46233,1.46247,1.00,3.19
2014.06.25 18:42:00.570,1.4623,1.46247,1.00,3.00
2014.06.25 18:42:00.722,1.4623,1.46244,1.00,1.00
2014.06.25 18:42:01.025,1.46229,1.4624,1.00,1.00
2014.06.25 18:42:01.076,1.46229,1.46242,1.00,1.00
2014.06.25 18:42:03.112,1.46232,1.46242,1.00,1.00
2014.06.25 18:42:03.213,1.46232,1.46246,1.00,1.19
2014.06.25 18:42:03.315,1.46234,1.46244,1.00,1.50
2014.06.25 18:42:03.467,1.46234,1.46246,1.00,1.50
2014.06.25 18:42:04.857,1.4623,1.46246,1.00,1.50
2014.06.25 18:42:04.908,1.4623,1.46244,1.00,1.00
2014.06.25 18:42:05.644,1.46228,1.46244,1.00,1.50
2014.06.25 18:42:05.695,1.46228,1.46242,1.00,1.00
2014.06.25 18:42:06.052,1.46228,1.4624,1.00,1.00
2014.06.25 18:42:10.420,1.46224,1.46239,1.00,1.00
2014.06.25 18:42:10.580,1.46231,1.46239,1.00,1.00
2014.06.25 18:42:10.732,1.46231,1.46242,1.00,1.00
2014.06.25 18:42:10.935,1.46227,1.4624,1.00,1.00
2014.06.25 18:42:11.350,1.46229,1.4624,1.00,1.00
2014.06.25 18:42:11.669,1.46234,1.4624,1.00,1.00
2014.06.25 18:42:11.720,1.46234,1.46242,1.00,1.00
2014.06.25 18:42:11.923,1.46229,1.46242,1.00,1.00
2014.06.25 18:42:11.974,1.46229,1.4624,1.00,1.00
2014.06.25 18:42:12.886,1.46225,1.4624,1.00,1.50
2014.06.25 18:42:12.937,1.46225,1.46236,1.00,1.00
2014.06.25 18:42:13.039,1.46225,1.46239,1.00,1.50
2014.06.25 18:42:13.546,1.46226,1.4624,1.00,1.50
2014.06.25 18:42:14.106,1.46227,1.4624,1.00,1.50
2014.06.25 18:42:15.100,1.46231,1.4624,1.00,1.50
2014.06.25 18:42:15.151,1.46231,1.46243,1.00,1.69
2014.06.25 18:42:15.355,1.46227,1.46243,1.00,1.00
2014.06.25 18:42:15.456,1.46227,1.4624,1.00,1.00
2014.06.25 18:42:15.861,1.46224,1.46239,1.00,1.00
2014.06.25 18:42:16.115,1.46226,1.4624,1.00,2.25
2014.06.25 18:42:18.066,1.46223,1.4624,1.00,1.50
2014.06.25 18:42:18.168,1.46223,1.46238,1.00,1.00
2014.06.25 18:42:18.471,1.46223,1.4624,1.00,1.69
2014.06.25 18:42:18.623,1.46223,1.4624,1.00,1.69
2014.06.25 18:42:18.928,1.46226,1.46236,1.00,1.00
2014.06.25 18:42:19.030,1.46219,1.46237,1.00,1.69
2014.06.25 18:42:20.323,1.46219,1.46237,1.19,1.00
2014.06.25 18:42:27.096,1.46219,1.46237,1.00,1.00
2014.06.25 18:42:48.227,1.46219,1.46237,1.69,1.00
2014.06.25 18:42:48.278,1.46222,1.46238,1.00,2.25
2014.06.25 18:42:48.641,1.46222,1.4624,1.69,1.50
2014.06.25 18:42:53.353,1.46227,1.4624,1.00,1.50
2014.06.25 18:42:54.514,1.46222,1.4624,1.25,1.50
2014.06.25 18:42:55.639,1.46219,1.46237,1.69,1.00
2014.06.25 18:42:57.863,1.46224,1.46237,1.00,1.50
2014.06.25 18:43:00.053,1.46225,1.46237,1.00,1.50
2014.06.25 18:43:01.772,1.46225,1.46239,1.00,1.50
2014.06.25 18:43:01.874,1.46225,1.46237,1.00,1.00
2014.06.25 18:43:03.354,1.46224,1.46237,1.00,1.00
2014.06.25 18:43:05.898,1.46226,1.46237,1.00,1.00
2014.06.25 18:43:05.949,1.46226,1.4624,1.00,1.50
2014.06.25 18:43:06.051,1.46226,1.46238,1.00,1.00
2014.06.25 18:43:06.355,1.4623,1.4624,1.00,1.00
2014.06.25 18:43:07.655,1.46224,1.4624,1.00,1.00
2014.06.25 18:43:07.706,1.46224,1.46238,1.00,1.00
2014.06.25 18:43:08.011,1.4623,1.46238,1.00,1.00
2014.06.25 18:43:08.415,1.46224,1.46238,1.00,1.00
2014.06.25 18:43:08.574,1.46224,1.4624,1.00,1.00
2014.06.25 18:43:08.779,1.46226,1.4624,1.00,1.00
2014.06.25 18:43:21.850,1.46227,1.4624,1.00,1.00
2014.06.25 18:43:22.386,1.46232,1.46243,1.00,2.25
2014.06.25 18:43:22.539,1.46232,1.46248,1.00,1.00
2014.06.25 18:43:22.640,1.46234,1.46249,1.00,1.50
2014.06.25 18:43:22.974,1.46234,1.46246,1.00,1.00
2014.06.25 18:43:23.279,1.46232,1.46244,1.00,1.00
2014.06.25 18:43:23.854,1.46227,1.46244,1.00,1.50
2014.06.25 18:43:24.161,1.46232,1.46243,1.00,1.50
2014.06.25 18:43:25.151,1.46227,1.46243,1.00,1.50
2014.06.25 18:43:25.354,1.46229,1.46242,1.00,1.00
2014.06.25 18:43:30.346,1.46232,1.46242,1.00,1.00
2014.06.25 18:43:30.876,1.46232,1.46243,1.00,1.00
2014.06.25 18:43:32.105,1.46227,1.46243,1.00,1.00
2014.06.25 18:43:32.359,1.46232,1.46243,1.00,2.25
2014.06.25 18:43:32.663,1.46227,1.46242,1.00,1.00
2014.06.25 18:43:34.292,1.46229,1.46242,1.00,1.00
2014.06.25 18:43:34.636,1.46232,1.46242,1.00,1.00
2014.06.25 18:43:35.146,1.46232,1.46243,1.00,2.25
2014.06.25 18:43:38.304,1.46232,1.46236,1.00,1.00
2014.06.25 18:43:38.406,1.46223,1.46234,1.00,1.00
2014.06.25 18:43:38.508,1.46221,1.46238,1.50,1.00
2014.06.25 18:43:38.610,1.46231,1.46241,1.00,1.00
2014.06.25 18:43:38.711,1.46231,1.46243,1.00,1.50
2014.06.25 18:43:38.813,1.46227,1.46242,1.00,1.00
2014.06.25 18:43:39.167,1.46232,1.46243,1.00,1.00
2014.06.25 18:43:39.607,1.46229,1.46243,1.00,1.00
2014.06.25 18:43:39.811,1.46225,1.46243,2.25,1.00
2014.06.25 18:43:39.913,1.46225,1.46241,1.00,1.00
2014.06.25 18:43:49.023,1.46225,1.46242,1.00,1.50
2014.06.25 18:44:04.685,1.46231,1.46243,1.00,1.00
2014.06.25 18:44:04.949,1.46233,1.4625,1.00,1.00
2014.06.25 18:44:05.052,1.46232,1.46248,1.00,1.00
2014.06.25 18:44:05.360,1.46236,1.46253,1.00,1.80
2014.06.25 18:44:05.666,1.46237,1.4625,1.50,1.00
2014.06.25 18:44:05.818,1.46237,1.46254,1.50,1.00
2014.06.25 18:44:06.320,1.46239,1.46255,1.00,1.50
2014.06.25 18:44:07.848,1.4624,1.46255,1.00,1.50
2014.06.25 18:44:11.844,1.46238,1.46255,1.19,1.50
2014.06.25 18:44:14.290,1.46238,1.46255,1.25,1.50
2014.06.25 18:44:16.091,1.46241,1.46255,1.00,1.50
2014.06.25 18:44:24.127,1.46241,1.46256,1.00,1.00
2014.06.25 18:44:24.432,1.46246,1.46257,1.00,1.00
2014.06.25 18:44:24.584,1.46247,1.46259,1.00,1.00
2014.06.25 18:44:25.130,1.46247,1.4626,1.00,1.50
2014.06.25 18:44:26.090,1.46247,1.46259,1.00,1.00
2014.06.25 18:44:26.633,1.46241,1.46259,1.50,1.00
2014.06.25 18:44:27.139,1.46241,1.46258,1.00,1.50
2014.06.25 18:44:27.942,1.46241,1.46257,1.00,1.00
2014.06.25 18:44:29.198,1.46241,1.46258,1.00,2.25
2014.06.25 18:44:29.603,1.46246,1.46258,1.00,1.00
2014.06.25 18:44:29.857,1.46243,1.46258,1.00,1.00
2014.06.25 18:44:30.162,1.4624,1.46258,1.00,1.50
2014.06.25 18:44:30.606,1.46238,1.46256,1.25,1.00
2014.06.25 18:44:30.911,1.46241,1.46257,1.50,1.00
2014.06.25 18:44:30.962,1.46241,1.46259,1.50,1.00
2014.06.25 18:44:31.820,1.46242,1.46259,1.00,1.00
2014.06.25 18:44:32.333,1.46243,1.46259,1.00,1.00
2014.06.25 18:44:36.643,1.46241,1.46259,1.69,1.00
2014.06.25 18:44:37.251,1.46241,1.46258,1.25,1.00
2014.06.25 18:44:38.410,1.46241,1.46259,1.00,1.50
2014.06.25 18:44:38.925,1.46242,1.46259,1.00,1.00
2014.06.25 18:44:46.138,1.46236,1.46254,1.69,1.50
2014.06.25 18:44:46.341,1.46242,1.46256,1.00,1.50
2014.06.25 18:44:46.595,1.46243,1.46259,1.00,1.00
2014.06.25 18:44:46.646,1.46241,1.46259,1.00,1.50
2014.06.25 18:44:47.177,1.46242,1.46259,1.00,1.00
2014.06.25 18:44:47.279,1.4624,1.46258,1.25,1.00
2014.06.25 18:44:47.380,1.46242,1.46259,1.00,1.00
2014.06.25 18:44:49.383,1.46241,1.46258,1.00,1.00
2014.06.25 18:44:49.890,1.4624,1.46258,1.25,1.00
2014.06.25 18:44:50.381,1.46238,1.46253,1.25,1.00
2014.06.25 18:44:50.534,1.46236,1.46255,1.25,1.50
2014.06.25 18:44:50.692,1.4624,1.46258,1.00,2.44
2014.06.25 18:44:50.794,1.46238,1.46258,1.00,1.69
2014.06.25 18:44:50.845,1.46241,1.46258,1.00,1.50
2014.06.25 18:44:51.048,1.46239,1.46257,1.25,1.00
2014.06.25 18:44:51.165,1.46241,1.46258,1.00,1.00
2014.06.25 18:44:51.701,1.4624,1.46258,1.00,1.50
2014.06.25 18:44:52.006,1.4624,1.46256,1.25,1.00
2014.06.25 18:44:52.711,1.4624,1.46258,1.25,1.50
2014.06.25 18:44:53.247,1.46241,1.46258,1.50,1.00
2014.06.25 18:44:53.762,1.4624,1.46257,1.25,1.00
2014.06.25 18:44:53.914,1.46242,1.46258,1.00,1.00
2014.06.25 18:44:54.015,1.4624,1.46258,1.25,1.50
2014.06.25 18:44:54.421,1.46238,1.46256,1.19,1.00
2014.06.25 18:44:55.016,1.4624,1.46258,1.25,1.50
2014.06.25 18:44:55.276,1.46238,1.46256,1.19,1.50
2014.06.25 18:44:55.783,1.46241,1.46257,1.00,1.00
2014.06.25 18:44:56.296,1.4624,1.46257,1.25,1.00
2014.06.25 18:44:56.826,1.46242,1.46257,1.00,1.00
2014.06.25 18:44:57.130,1.46242,1.46255,1.00,1.00
2014.06.25 18:44:57.332,1.46242,1.46257,1.00,1.50
2014.06.25 18:44:58.005,1.46238,1.46256,1.69,1.00
2014.06.25 18:44:58.519,1.4624,1.46257,1.00,1.00
2014.06.25 18:45:00.234,1.4624,1.46258,1.00,1.50
2014.06.25 18:45:00.285,1.4624,1.46258,1.19,1.50
2014.06.25 18:45:00.823,1.46241,1.46259,1.19,1.50
2014.06.25 18:45:01.639,1.46241,1.46257,1.25,1.00
2014.06.25 18:45:02.171,1.46241,1.46259,1.25,1.50
2014.06.25 18:45:02.681,1.46242,1.46259,1.00,1.00
2014.06.25 18:45:09.316,1.46242,1.46254,1.00,1.00
2014.06.25 18:45:09.368,1.46236,1.46254,2.07,1.00
2014.06.25 18:45:09.521,1.46235,1.46254,1.69,1.50
2014.06.25 18:45:09.622,1.46241,1.46254,1.00,1.00
2014.06.25 18:45:10.128,1.46241,1.46255,1.00,1.00
2014.06.25 18:45:28.303,1.46241,1.46258,1.25,1.00
2014.06.25 18:45:34.342,1.46244,1.46258,1.00,1.00
2014.06.25 18:45:34.688,1.46247,1.4626,1.00,1.00
2014.06.25 18:45:35.346,1.46247,1.46261,1.00,1.00
2014.06.25 18:45:44.342,1.46245,1.46261,1.00,1.00
2014.06.25 18:45:52.591,1.46244,1.46261,1.00,1.00
2014.06.25 18:45:59.826,1.46245,1.46261,1.00,1.50
2014.06.25 18:46:00.311,1.46245,1.46263,1.00,1.00
2014.06.25 18:46:00.366,1.46248,1.46264,1.00,2.44
2014.06.25 18:46:00.620,1.46245,1.46264,1.00,3.19
2014.06.25 18:46:01.628,1.46245,1.46264,1.00,3.19
2014.06.25 18:46:03.383,1.46245,1.46264,1.00,2.44
2014.06.25 18:46:03.703,1.46248,1.46264,1.00,2.44
2014.06.25 18:46:03.805,1.46244,1.46264,2.25,2.44
2014.06.25 18:46:03.906,1.46244,1.46264,2.44,3.19
2014.06.25 18:46:04.446,1.46244,1.46264,2.25,2.44
2014.06.25 18:46:05.860,1.46245,1.46264,1.00,2.44
2014.06.25 18:46:07.289,1.46244,1.46264,1.50,2.44
2014.06.25 18:46:07.396,1.46242,1.46261,1.00,1.00
2014.06.25 18:46:07.700,1.46241,1.46259,1.00,1.00
2014.06.25 18:46:16.587,1.46241,1.46259,1.19,1.00
2014.06.25 18:46:17.792,1.46241,1.46259,1.25,1.00
2014.06.25 18:46:23.710,1.46241,1.46259,1.19,1.00
2014.06.25 18:46:25.314,1.46241,1.46259,1.00,1.00
2014.06.25 18:46:29.130,1.46241,1.46259,1.19,1.00
2014.06.25 18:46:32.239,1.46241,1.46259,1.25,1.00
2014.06.25 18:46:37.479,1.46241,1.46259,1.19,1.00
2014.06.25 18:46:39.163,1.46241,1.46259,1.25,1.00
2014.06.25 18:46:58.645,1.46243,1.46259,1.00,1.00
2014.06.25 18:46:59.817,1.46243,1.46256,1.00,1.00
2014.06.25 18:46:59.868,1.46239,1.46256,1.19,1.00
2014.06.25 18:47:00.070,1.46239,1.46258,1.00,1.00
2014.06.25 18:47:00.558,1.46242,1.4626,1.00,1.19
2014.06.25 18:47:00.963,1.4624,1.46258,1.50,1.00
2014.06.25 18:47:03.687,1.4624,1.46258,1.69,1.00
2014.06.25 18:47:05.328,1.46242,1.46258,1.00,1.00
2014.06.25 18:47:07.381,1.46242,1.4626,1.69,1.00
2014.06.25 18:47:07.432,1.46245,1.4626,1.00,1.00
2014.06.25 18:47:07.637,1.46245,1.46262,1.00,1.50
2014.06.25 18:47:07.688,1.46249,1.46262,1.50,1.50
2014.06.25 18:47:08.093,1.46245,1.46262,1.00,1.00
2014.06.25 18:47:09.070,1.46244,1.46262,1.25,1.00
2014.06.25 18:47:09.222,1.46243,1.4626,1.00,1.00
2014.06.25 18:47:09.787,1.46241,1.46259,1.19,1.00
2014.06.25 18:47:10.319,1.46242,1.4626,1.00,1.00
2014.06.25 18:47:14.563,1.46243,1.46261,1.00,1.50
2014.06.25 18:47:14.872,1.46247,1.46261,1.00,1.00
2014.06.25 18:47:15.665,1.46247,1.46262,1.00,1.50
2014.06.25 18:47:16.016,1.46247,1.4626,1.00,1.00
2014.06.25 18:47:16.118,1.46242,1.4626,1.69,1.50
2014.06.25 18:47:16.671,1.46242,1.46259,1.00,1.00
2014.06.25 18:47:19.086,1.46242,1.4626,1.69,1.50
2014.06.25 18:47:20.268,1.46242,1.46259,1.25,1.00
2014.06.25 18:47:21.608,1.46243,1.46259,1.00,1.00
2014.06.25 18:47:21.862,1.46248,1.4626,1.00,1.00
2014.06.25 18:47:21.913,1.46248,1.46262,1.00,1.00
2014.06.25 18:47:22.065,1.4625,1.46263,1.00,1.50
2014.06.25 18:47:22.568,1.46249,1.46263,1.00,1.50
2014.06.25 18:47:23.410,1.46244,1.46263,1.00,1.50
2014.06.25 18:47:23.915,1.46243,1.46263,2.44,1.50
2014.06.25 18:47:26.849,1.46248,1.46263,1.00,1.50
2014.06.25 18:47:27.153,1.4625,1.46263,1.00,1.50
2014.06.25 18:47:34.354,1.46247,1.46263,1.00,1.50
2014.06.25 18:47:34.557,1.46245,1.46263,1.00,1.50
2014.06.25 18:47:34.710,1.46245,1.46261,1.00,1.00
2014.06.25 18:48:04.528,1.46245,1.46261,1.00,2.85
2014.06.25 18:48:04.680,1.46238,1.46254,1.25,1.00
2014.06.25 18:48:04.782,1.46238,1.46256,1.25,1.00
2014.06.25 18:48:04.883,1.46237,1.46254,1.69,1.00
2014.06.25 18:48:07.138,1.46237,1.46254,1.69,1.00
2014.06.25 18:48:13.807,1.4624,1.46254,1.00,1.00
2014.06.25 18:48:17.326,1.46237,1.46254,1.69,1.00
2014.06.25 18:48:20.357,1.46237,1.46254,1.50,1.00
2014.06.25 18:48:21.884,1.46239,1.46254,1.00,1.00
2014.06.25 18:48:21.986,1.46239,1.46257,1.50,1.00
2014.06.25 18:48:25.177,1.46239,1.46257,1.19,1.00
2014.06.25 18:48:27.385,1.46239,1.46257,1.25,1.00
2014.06.25 18:48:31.614,1.46239,1.46257,1.19,1.00
2014.06.25 18:48:33.722,1.46239,1.46257,1.19,1.00
2014.06.25 18:48:37.087,1.46241,1.46259,1.25,1.00
2014.06.25 18:48:37.189,1.46243,1.46259,1.00,1.00
2014.06.25 18:48:37.494,1.4625,1.46261,1.00,1.00
2014.06.25 18:48:37.748,1.46254,1.46271,1.00,1.00
2014.06.25 18:48:38.364,1.46252,1.46271,1.19,1.00
2014.06.25 18:48:40.375,1.46253,1.46271,1.19,1.00
2014.06.25 18:48:41.585,1.46252,1.46269,1.19,1.00
2014.06.25 18:48:41.738,1.46248,1.46266,2.44,1.00
2014.06.25 18:48:41.890,1.46251,1.46266,1.69,1.00
2014.06.25 18:48:41.941,1.46252,1.4627,1.25,1.00
2014.06.25 18:48:43.777,1.46252,1.4627,1.19,1.00
2014.06.25 18:48:45.635,1.46251,1.46265,1.19,1.00
2014.06.25 18:48:45.737,1.46248,1.46263,1.00,1.00
2014.06.25 18:48:45.890,1.46245,1.46263,1.00,1.50
2014.06.25 18:48:45.941,1.46243,1.46261,1.50,1.00
2014.06.25 18:48:47.621,1.46244,1.46261,1.00,1.25
2014.06.25 18:48:47.925,1.46246,1.46261,1.00,1.00
2014.06.25 18:48:48.837,1.46244,1.46261,1.00,1.00
2014.06.25 18:48:49.090,1.46241,1.46259,1.69,1.00
2014.06.25 18:48:49.395,1.46237,1.46254,1.00,1.25
2014.06.25 18:48:49.547,1.46235,1.46253,1.00,1.00
2014.06.25 18:48:53.178,1.46237,1.46253,1.00,1.00
2014.06.25 18:48:53.280,1.46237,1.46255,1.00,1.00
2014.06.25 18:48:53.788,1.46236,1.46254,1.00,1.69
2014.06.25 18:48:55.663,1.46237,1.46255,1.00,1.19
2014.06.25 18:48:56.197,1.46237,1.46255,1.00,1.25
2014.06.25 18:48:56.790,1.46236,1.46254,1.00,1.00
2014.06.25 18:49:03.046,1.46236,1.46253,1.00,1.00
2014.06.25 18:49:03.097,1.46234,1.46252,1.00,1.00
2014.06.25 18:49:03.299,1.46234,1.46254,1.50,2.25
2014.06.25 18:49:03.483,1.46236,1.46254,1.00,2.25
2014.06.25 18:49:03.997,1.46237,1.46255,1.00,1.25
2014.06.25 18:49:05.415,1.46236,1.46254,1.00,1.25
2014.06.25 18:49:06.347,1.46235,1.46253,1.00,1.00
2014.06.25 18:49:06.883,1.46235,1.46252,1.00,1.00
2014.06.25 18:49:08.875,1.46235,1.46253,1.00,1.25
2014.06.25 18:49:09.492,1.46235,1.46253,1.00,1.19
2014.06.25 18:49:11.841,1.46235,1.46253,1.00,1.00
2014.06.25 18:49:12.387,1.46236,1.46254,1.00,1.00
2014.06.25 18:49:13.357,1.46236,1.46254,1.00,1.19
2014.06.25 18:49:13.674,1.46235,1.46251,1.00,1.00
2014.06.25 18:49:14.287,1.46234,1.46251,1.00,1.00
2014.06.25 18:49:15.624,1.46233,1.46251,1.00,1.50
2014.06.25 18:49:17.313,1.46231,1.46247,1.19,1.00
2014.06.25 18:49:17.465,1.46229,1.46247,1.69,1.50
2014.06.25 18:49:17.516,1.46232,1.46247,1.00,1.00
2014.06.25 18:49:17.575,1.46232,1.4625,1.50,1.35
2014.06.25 18:49:17.626,1.46234,1.46252,1.00,2.82
2014.06.25 18:49:18.135,1.46234,1.46251,1.00,1.00
2014.06.25 18:49:18.347,1.46232,1.4625,1.25,1.00
2014.06.25 18:49:18.829,1.46231,1.46247,1.25,1.00
2014.06.25 18:49:19.134,1.46231,1.46249,1.25,1.50
2014.06.25 18:49:19.185,1.46231,1.46246,1.25,1.00
2014.06.25 18:49:19.287,1.46232,1.46249,1.00,1.00
2014.06.25 18:49:20.587,1.46232,1.46244,1.25,1.00
2014.06.25 18:49:20.639,1.4623,1.46244,1.00,1.00
2014.06.25 18:49:20.842,1.4623,1.46246,1.00,1.00
2014.06.25 18:49:20.943,1.4623,1.46248,1.88,1.00
2014.06.25 18:49:21.765,1.4623,1.46248,1.32,1.00
2014.06.25 18:49:21.816,1.46229,1.46245,1.69,1.00
2014.06.25 18:49:21.969,1.46229,1.46245,1.69,1.00
2014.06.25 18:49:22.121,1.4623,1.46248,1.00,1.50
2014.06.25 18:49:22.266,1.46233,1.46248,1.00,1.00
2014.06.25 18:49:22.368,1.46233,1.46251,1.00,1.69
2014.06.25 18:49:22.824,1.46229,1.46247,2.07,1.00
2014.06.25 18:49:23.330,1.46231,1.46248,1.69,1.00
2014.06.25 18:49:23.833,1.46229,1.46247,1.32,1.00
2014.06.25 18:49:24.220,1.46229,1.46242,1.25,1.00
2014.06.25 18:49:24.644,1.46229,1.46244,1.25,1.00
2014.06.25 18:49:29.473,1.46227,1.46244,2.44,1.00
2014.06.25 18:49:29.714,1.46227,1.46242,1.69,1.00
2014.06.25 18:49:31.195,1.46226,1.46242,1.19,1.00
2014.06.25 18:49:34.116,1.46226,1.46243,1.19,1.00
2014.06.25 18:49:34.168,1.46226,1.46246,1.69,1.50
2014.06.25 18:49:34.270,1.46229,1.46247,1.00,1.00
2014.06.25 18:49:36.602,1.46229,1.46247,1.19,1.00
2014.06.25 18:49:36.925,1.46229,1.46245,1.19,1.00
2014.06.25 18:49:37.741,1.46229,1.46245,1.25,1.00
2014.06.25 18:49:37.844,1.46229,1.46247,1.25,1.00
2014.06.25 18:49:44.167,1.46228,1.46246,1.25,1.00
2014.06.25 18:49:44.269,1.46228,1.46243,1.25,1.00
2014.06.25 18:49:44.472,1.46223,1.4624,1.00,1.00
2014.06.25 18:49:44.979,1.46221,1.46239,1.00,1.25
2014.06.25 18:49:46.622,1.46221,1.46238,1.00,1.00
2014.06.25 18:49:46.673,1.46219,1.46237,1.25,1.50
2014.06.25 18:50:00.188,1.46218,1.46236,1.50,1.00
2014.06.25 18:50:12.399,1.46218,1.46235,1.00,1.00
2014.06.25 18:50:12.450,1.46215,1.46227,1.00,1.00
2014.06.25 18:50:12.501,1.46213,1.46227,1.00,1.00
2014.06.25 18:50:12.653,1.46212,1.46225,1.00,1.00
2014.06.25 18:50:12.783,1.46207,1.46225,2.44,1.50
2014.06.25 18:50:14.077,1.46205,1.46223,1.25,1.00
2014.06.25 18:50:15.195,1.46205,1.46223,1.19,1.00
2014.06.25 18:50:15.894,1.46206,1.46224,1.25,1.00
2014.06.25 18:50:19.336,1.46206,1.46224,1.19,1.00
2014.06.25 18:50:19.807,1.46209,1.46226,1.00,1.00
2014.06.25 18:50:19.909,1.4621,1.46228,1.50,1.00
2014.06.25 18:50:19.960,1.46212,1.46228,1.00,1.00
2014.06.25 18:50:20.011,1.46213,1.46231,1.00,1.00
2014.06.25 18:50:20.215,1.46215,1.46232,1.00,1.00
2014.06.25 18:50:20.718,1.46215,1.46233,1.00,1.00
2014.06.25 18:50:21.266,1.46215,1.46233,1.19,1.00
2014.06.25 18:50:21.823,1.46214,1.46232,1.19,1.00
2014.06.25 18:50:22.369,1.46214,1.46232,1.19,1.00
2014.06.25 18:50:22.893,1.46211,1.4623,1.69,1.50
2014.06.25 18:50:22.944,1.46211,1.4623,1.50,1.50
2014.06.25 18:50:22.995,1.4621,1.46228,1.00,1.00
2014.06.25 18:50:23.512,1.46209,1.46227,1.19,1.00
2014.06.25 18:50:24.275,1.46209,1.46227,1.25,1.00
2014.06.25 18:50:27.762,1.46209,1.46227,1.69,1.00
2014.06.25 18:50:32.145,1.46209,1.46229,2.44,1.50
2014.06.25 18:50:33.693,1.46209,1.46229,2.44,1.50
2014.06.25 18:50:35.125,1.46207,1.46225,2.07,1.00
2014.06.25 18:50:35.530,1.46209,1.46227,1.50,1.00
2014.06.25 18:50:36.532,1.46209,1.46227,1.69,1.00
2014.06.25 18:50:42.552,1.46209,1.46227,1.69,1.00
2014.06.25 18:50:44.529,1.46209,1.46227,1.69,1.00
2014.06.25 18:50:45.633,1.46209,1.46227,1.69,1.00
2014.06.25 18:50:46.456,1.46208,1.46226,1.19,1.00
2014.06.25 18:50:48.868,1.46211,1.46228,1.00,1.50
2014.06.25 18:50:49.272,1.46209,1.46227,1.69,1.00
2014.06.25 18:50:56.899,1.46208,1.46226,1.25,1.00
2014.06.25 18:50:57.103,1.46211,1.46228,1.00,1.00
2014.06.25 18:50:57.641,1.46212,1.46228,1.00,1.00
2014.06.25 18:50:58.359,1.46215,1.46228,1.00,1.00
2014.06.25 18:50:58.410,1.46215,1.46231,1.00,2.25
2014.06.25 18:50:58.462,1.46217,1.46228,1.00,1.00
2014.06.25 18:50:58.623,1.46217,1.46234,1.00,2.25
2014.06.25 18:50:59.130,1.46216,1.46234,1.25,1.50
2014.06.25 18:51:04.333,1.46217,1.46234,1.00,1.00
2014.06.25 18:51:12.339,1.46218,1.46234,1.00,1.00
2014.06.25 18:51:23.507,1.46218,1.46234,1.00,1.19
2014.06.25 18:51:23.609,1.46215,1.46231,1.00,1.00
2014.06.25 18:51:24.118,1.46215,1.4623,1.00,1.00
2014.06.25 18:51:24.807,1.46212,1.4623,1.50,1.00
2014.06.25 18:51:25.419,1.46212,1.46229,1.00,1.00
2014.06.25 18:51:33.279,1.46214,1.46229,1.00,1.25
2014.06.25 18:51:34.602,1.46211,1.46229,1.50,1.25
2014.06.25 18:51:36.475,1.46215,1.46231,1.00,1.00
2014.06.25 18:51:36.526,1.46215,1.46233,1.00,1.50
2014.06.25 18:51:36.577,1.46219,1.46233,1.00,1.00
2014.06.25 18:51:36.628,1.46219,1.46236,1.00,1.85
2014.06.25 18:51:37.169,1.4622,1.46238,1.00,1.19
2014.06.25 18:51:37.679,1.4622,1.46238,1.00,1.19
2014.06.25 18:51:38.578,1.4622,1.46238,1.00,1.25
2014.06.25 18:51:42.597,1.4622,1.46238,1.00,1.19
2014.06.25 18:51:42.901,1.46224,1.46238,1.00,1.00
2014.06.25 18:51:43.154,1.46221,1.46238,1.00,1.00
2014.06.25 18:51:50.480,1.4622,1.46238,1.25,1.00
2014.06.25 18:51:54.283,1.4622,1.46239,1.25,1.50
2014.06.25 18:51:54.334,1.46224,1.46239,1.00,1.00
2014.06.25 18:51:54.841,1.46224,1.4624,1.00,1.00
2014.06.25 18:51:57.693,1.46224,1.46242,1.50,1.50
2014.06.25 18:52:05.031,1.46224,1.46239,1.00,1.00
2014.06.25 18:52:05.145,1.46222,1.46239,1.00,1.00
2014.06.25 18:52:09.726,1.46222,1.46234,1.50,1.00
2014.06.25 18:52:16.078,1.46219,1.46231,1.69,1.00
2014.06.25 18:52:16.180,1.46219,1.46234,1.25,1.00
2014.06.25 18:52:16.709,1.4622,1.46234,1.00,1.00
2014.06.25 18:52:17.541,1.46222,1.46234,1.00,1.00
2014.06.25 18:52:17.694,1.46225,1.46242,1.50,1.00
2014.06.25 18:52:18.584,1.46225,1.46242,1.69,1.00
2014.06.25 18:52:19.099,1.46229,1.46243,1.00,1.00
2014.06.25 18:52:19.150,1.46229,1.46245,1.25,1.00
2014.06.25 18:52:21.865,1.46228,1.46242,1.00,1.00
2014.06.25 18:52:22.068,1.46219,1.46236,1.50,1.00
2014.06.25 18:52:22.120,1.46219,1.46232,1.00,1.00
2014.06.25 18:52:22.729,1.46214,1.46232,1.19,1.00
2014.06.25 18:52:23.085,1.46214,1.46231,1.25,1.00
2014.06.25 18:52:23.342,1.46214,1.46228,1.25,1.00
2014.06.25 18:52:23.798,1.46212,1.46228,1.25,1.00
2014.06.25 18:52:24.002,1.46211,1.46223,1.00,1.00
2014.06.25 18:52:24.205,1.46209,1.46226,1.19,1.00
2014.06.25 18:52:25.129,1.46209,1.46226,1.25,1.00
2014.06.25 18:52:28.346,1.46211,1.46226,1.00,1.00
2014.06.25 18:52:28.397,1.46211,1.46228,1.69,1.00
2014.06.25 18:52:28.701,1.4621,1.46226,1.19,1.00
2014.06.25 18:52:29.742,1.46209,1.46226,1.25,1.00
2014.06.25 18:52:30.414,1.46209,1.46226,1.19,1.00
2014.06.25 18:52:31.115,1.46211,1.46226,1.00,1.00
2014.06.25 18:52:34.163,1.46209,1.46226,1.25,1.00
2014.06.25 18:52:34.623,1.46208,1.46223,1.19,1.00
2014.06.25 18:52:35.694,1.46207,1.46223,1.25,1.00
2014.06.25 18:52:36.207,1.46207,1.4622,1.25,1.00
2014.06.25 18:52:36.727,1.46206,1.4622,1.25,1.00
2014.06.25 18:52:37.135,1.46206,1.46223,1.00,1.50
2014.06.25 18:52:39.141,1.46205,1.46217,1.50,1.00
2014.06.25 18:52:39.242,1.46202,1.46217,1.00,1.00
2014.06.25 18:52:39.647,1.46205,1.46222,1.00,1.25
2014.06.25 18:52:40.165,1.46206,1.46222,1.00,1.00
2014.06.25 18:52:47.822,1.46206,1.46224,1.00,1.00
2014.06.25 18:52:48.127,1.46206,1.46222,1.00,1.00
2014.06.25 18:52:48.914,1.46206,1.46223,1.00,1.00
2014.06.25 18:52:54.045,1.46204,1.46223,1.13,1.00
2014.06.25 18:52:54.096,1.46203,1.46215,1.25,1.00
2014.06.25 18:52:54.602,1.46201,1.46215,1.69,1.00
2014.06.25 18:52:55.348,1.46203,1.46215,1.00,1.00
2014.06.25 18:53:12.177,1.46202,1.46215,1.00,1.00
2014.06.25 18:53:12.719,1.46201,1.46215,1.00,1.00
2014.06.25 18:53:20.194,1.46202,1.46215,1.00,1.00
2014.06.25 18:53:20.502,1.46204,1.46216,1.00,1.00
2014.06.25 18:53:34.353,1.46204,1.46218,1.00,1.00
2014.06.25 18:53:38.665,1.46202,1.46215,1.00,1.00
2014.06.25 18:53:43.993,1.46202,1.46214,1.25,1.00
2014.06.25 18:53:49.453,1.46201,1.46214,1.00,1.00
2014.06.25 18:53:49.504,1.46199,1.46214,1.00,1.00
2014.06.25 18:53:49.657,1.46195,1.46211,1.25,1.00
2014.06.25 18:53:49.879,1.46194,1.46209,1.00,1.00
2014.06.25 18:53:49.930,1.4619,1.46209,1.19,1.00
2014.06.25 18:53:50.133,1.4619,1.46204,1.69,1.00
2014.06.25 18:53:50.320,1.46191,1.46208,1.00,1.00
2014.06.25 18:53:50.847,1.46191,1.46209,1.00,1.50
2014.06.25 18:53:54.302,1.46193,1.46209,1.00,1.00
2014.06.25 18:53:54.607,1.46203,1.46214,1.00,1.00
2014.06.25 18:53:54.658,1.46203,1.46216,1.00,1.00
2014.06.25 18:53:54.860,1.46204,1.46218,1.00,1.00
2014.06.25 18:53:55.114,1.46202,1.46216,1.00,1.00
2014.06.25 18:53:55.648,1.46201,1.46215,1.00,1.00
2014.06.25 18:53:55.851,1.46201,1.46217,1.00,1.00
2014.06.25 18:53:56.113,1.46203,1.46219,1.00,1.00
2014.06.25 18:53:56.417,1.46206,1.46219,1.00,1.00
2014.06.25 18:53:56.620,1.46206,1.46222,1.00,1.00
2014.06.25 18:53:56.722,1.46206,1.46224,1.00,1.00
2014.06.25 18:53:59.876,1.46205,1.46222,1.69,1.00
2014.06.25 18:54:02.162,1.46205,1.46222,1.25,1.00
2014.06.25 18:54:03.197,1.46205,1.46222,1.19,1.00
2014.06.25 18:54:04.834,1.46203,1.46222,1.00,1.50
2014.06.25 18:54:04.885,1.46203,1.46219,1.00,1.00
2014.06.25 18:54:05.482,1.46202,1.46219,1.25,1.00
2014.06.25 18:54:13.929,1.46201,1.46216,1.19,1.00
2014.06.25 18:54:14.488,1.46201,1.46216,1.00,1.00
2014.06.25 18:54:20.630,1.462,1.46216,1.25,1.00
2014.06.25 18:54:20.784,1.46194,1.46212,2.82,1.00
2014.06.25 18:54:20.886,1.46197,1.46212,1.00,1.00
2014.06.25 18:54:20.988,1.46195,1.46213,1.00,1.00
2014.06.25 18:54:21.038,1.46195,1.46211,1.00,1.00
2014.06.25 18:54:21.343,1.46196,1.46208,1.00,1.00
2014.06.25 18:54:21.394,1.46196,1.46211,1.00,1.00
2014.06.25 18:54:21.445,1.46198,1.46211,1.00,1.00
2014.06.25 18:54:21.855,1.46197,1.46208,1.00,1.00
2014.06.25 18:54:21.957,1.46195,1.46211,1.00,1.00
2014.06.25 18:54:22.059,1.46195,1.46208,1.00,1.00
2014.06.25 18:54:22.984,1.46193,1.46208,1.19,1.00
2014.06.25 18:54:23.503,1.46193,1.46209,1.19,1.00
2014.06.25 18:54:24.501,1.46193,1.46209,1.25,1.00
2014.06.25 18:54:31.566,1.46193,1.46209,1.19,1.00
2014.06.25 18:54:33.573,1.46193,1.46209,1.25,1.00
2014.06.25 18:54:34.603,1.46192,1.46206,1.00,1.00
2014.06.25 18:54:35.112,1.4619,1.46205,1.19,1.00
2014.06.25 18:54:35.516,1.46194,1.46205,1.00,1.00
2014.06.25 18:54:35.919,1.46195,1.46207,1.00,1.00
2014.06.25 18:54:36.020,1.46193,1.46207,1.00,1.00
2014.06.25 18:54:36.541,1.46193,1.46211,1.00,1.50
2014.06.25 18:54:36.694,1.46195,1.46211,1.00,1.00
2014.06.25 18:54:38.971,1.46195,1.46212,1.25,1.00
2014.06.25 18:54:39.997,1.46195,1.46212,1.19,1.00
2014.06.25 18:54:41.184,1.46199,1.46217,1.00,1.50
2014.06.25 18:54:42.605,1.46199,1.46215,1.25,1.00
2014.06.25 18:54:43.117,1.46198,1.46215,1.00,1.00
2014.06.25 18:54:43.738,1.46196,1.46214,1.19,1.00
2014.06.25 18:54:44.617,1.46196,1.46214,1.25,1.00
2014.06.25 18:54:48.123,1.46195,1.46213,1.19,1.00
2014.06.25 18:54:48.837,1.46195,1.46213,1.19,1.00
2014.06.25 18:54:52.672,1.46195,1.46213,1.19,1.00
2014.06.25 18:54:53.186,1.46195,1.46212,1.19,1.00
2014.06.25 18:54:53.792,1.46195,1.46212,1.25,1.00
2014.06.25 18:54:55.166,1.46195,1.46212,1.19,1.00
2014.06.25 18:54:58.878,1.46195,1.46212,1.19,1.00
2014.06.25 18:54:59.403,1.46195,1.46213,1.19,1.00
2014.06.25 18:55:00.655,1.46199,1.46214,1.00,1.00
2014.06.25 18:55:00.706,1.46199,1.46217,1.25,1.00
2014.06.25 18:55:01.217,1.462,1.46218,1.00,1.00
2014.06.25 18:55:01.319,1.46203,1.46218,1.00,1.00
2014.06.25 18:55:01.573,1.46209,1.46226,1.00,1.00
2014.06.25 18:55:01.927,1.4621,1.46228,1.00,1.00
2014.06.25 18:55:02.428,1.4621,1.46227,1.00,1.00
2014.06.25 18:55:02.734,1.4621,1.46227,1.19,1.00
2014.06.25 18:55:10.033,1.4621,1.46227,1.19,1.00
2014.06.25 18:55:11.139,1.4621,1.46227,1.19,1.00
2014.06.25 18:55:11.976,1.46213,1.46227,1.25,1.00
2014.06.25 18:55:12.027,1.46213,1.46231,1.25,1.00
2014.06.25 18:55:12.078,1.46216,1.46234,1.19,2.25
2014.06.25 18:55:12.605,1.46216,1.46234,1.19,1.50
2014.06.25 18:55:13.676,1.46216,1.46234,1.25,1.50
2014.06.25 18:55:14.670,1.46216,1.46231,1.19,1.00
2014.06.25 18:55:15.690,1.46217,1.46231,1.19,1.00
2014.06.25 18:55:16.075,1.46217,1.46234,1.00,1.00
2014.06.25 18:55:16.615,1.46217,1.46235,1.00,1.00
2014.06.25 18:55:16.844,1.46217,1.46233,1.00,1.00
2014.06.25 18:55:20.590,1.46217,1.46234,1.25,1.00
2014.06.25 18:55:22.790,1.46216,1.46233,1.19,1.00
2014.06.25 18:55:22.841,1.46215,1.46233,1.25,1.00
2014.06.25 18:55:22.943,1.46214,1.46229,1.19,1.00
2014.06.25 18:55:23.196,1.46213,1.46228,1.25,1.50
2014.06.25 18:55:23.348,1.4621,1.46226,1.19,1.00
2014.06.25 18:55:24.206,1.4621,1.46226,1.25,1.00
2014.06.25 18:55:25.938,1.46211,1.46226,1.00,1.00
2014.06.25 18:55:29.603,1.4621,1.46226,1.25,1.00
2014.06.25 18:55:32.569,1.46209,1.46226,1.25,1.00
2014.06.25 18:55:32.822,1.46209,1.46223,1.25,1.00
2014.06.25 18:55:33.330,1.46208,1.46222,1.00,1.00
2014.06.25 18:55:33.838,1.46208,1.46223,1.00,1.00
2014.06.25 18:55:35.372,1.46208,1.46222,1.00,1.00
2014.06.25 18:55:35.474,1.46205,1.46222,1.00,1.00
2014.06.25 18:55:35.977,1.46206,1.46223,1.00,1.00
2014.06.25 18:55:36.683,1.46206,1.46223,1.19,1.00
2014.06.25 18:55:37.304,1.46206,1.46222,1.19,1.00
2014.06.25 18:55:37.457,1.46204,1.46222,1.69,1.00
2014.06.25 18:55:38.913,1.46204,1.46223,1.69,1.00
2014.06.25 18:55:39.583,1.46204,1.46225,1.69,2.25
2014.06.25 18:55:40.181,1.46206,1.46224,1.25,1.00
2014.06.25 18:55:40.690,1.46206,1.46224,1.19,1.00
2014.06.25 18:55:41.107,1.46206,1.46222,1.19,1.00
2014.06.25 18:55:41.259,1.46205,1.46222,1.25,1.00
2014.06.25 18:55:41.764,1.46205,1.46223,1.25,1.50
2014.06.25 18:55:47.596,1.46205,1.46224,1.69,1.00
2014.06.25 18:55:47.647,1.4621,1.46225,1.00,1.50
2014.06.25 18:55:47.799,1.4621,1.46228,1.00,2.25
2014.06.25 18:55:48.154,1.4621,1.46226,1.50,1.00
2014.06.25 18:55:48.609,1.4621,1.46228,1.00,1.00
2014.06.25 18:55:48.918,1.4621,1.46226,1.19,1.00
2014.06.25 18:55:49.373,1.46209,1.46221,1.00,1.00
2014.06.25 18:55:49.476,1.46207,1.46221,1.00,1.00
2014.06.25 18:55:49.681,1.46204,1.46222,1.50,1.50
2014.06.25 18:55:52.693,1.46206,1.46222,1.00,1.25
2014.06.25 18:55:55.633,1.46206,1.46223,1.00,1.00
2014.06.25 18:55:57.144,1.46206,1.46224,1.25,1.00
2014.06.25 18:55:57.453,1.46206,1.4622,1.00,1.00
2014.06.25 18:55:57.656,1.46206,1.46222,1.00,1.00
2014.06.25 18:55:58.175,1.46205,1.46222,1.25,1.50
2014.06.25 18:56:00.914,1.46203,1.46216,1.00,1.00
2014.06.25 18:56:01.018,1.46203,1.46221,1.00,1.00
2014.06.25 18:56:04.825,1.46204,1.46223,1.00,1.50
2014.06.25 18:56:04.926,1.46206,1.46224,1.00,1.00
2014.06.25 18:56:06.220,1.46208,1.46225,1.00,1.00
2014.06.25 18:56:06.625,1.46207,1.46223,1.25,1.00
2014.06.25 18:56:06.727,1.46204,1.46223,1.69,1.00
2014.06.25 18:56:08.223,1.46204,1.46223,1.69,1.00
2014.06.25 18:56:08.743,1.46204,1.46224,1.69,2.25
2014.06.25 18:56:09.901,1.46204,1.46224,1.69,2.25
2014.06.25 18:56:12.850,1.46204,1.46224,1.69,2.25
2014.06.25 18:56:12.952,1.46206,1.46226,1.69,3.00
2014.06.25 18:56:14.655,1.46206,1.46223,1.00,1.00
2014.06.25 18:56:15.346,1.46205,1.46223,1.00,1.00
2014.06.25 18:56:20.874,1.46205,1.46223,1.19,1.00
2014.06.25 18:56:21.618,1.46206,1.46224,1.19,1.00
2014.06.25 18:56:22.634,1.46205,1.46223,1.69,1.00
2014.06.25 18:56:22.686,1.46205,1.46223,1.00,1.00
2014.06.25 18:56:26.072,1.46205,1.46222,1.00,1.00
2014.06.25 18:56:39.420,1.46205,1.46223,1.00,1.50
2014.06.25 18:56:39.681,1.46205,1.46225,1.69,2.25
2014.06.25 18:56:40.636,1.46205,1.46225,1.69,2.25
2014.06.25 18:56:41.165,1.46205,1.46223,1.50,1.00
2014.06.25 18:56:45.555,1.46205,1.46224,1.50,1.25
2014.06.25 18:56:47.632,1.46205,1.46225,1.50,1.50
2014.06.25 18:56:48.356,1.46205,1.46225,1.69,1.50
2014.06.25 18:56:49.193,1.46205,1.46224,1.50,1.25
2014.06.25 18:56:49.699,1.46205,1.46223,1.50,1.00
2014.06.25 18:56:59.924,1.46206,1.46224,1.00,1.25
2014.06.25 18:57:01.347,1.46206,1.46223,1.00,1.00
2014.06.25 18:57:01.849,1.46205,1.46223,1.00,1.50
2014.06.25 18:57:08.433,1.46207,1.46225,1.00,1.19
2014.06.25 18:57:08.943,1.46207,1.46225,1.00,1.00
2014.06.25 18:57:16.731,1.46207,1.46224,1.00,1.00
2014.06.25 18:57:19.438,1.46207,1.46223,1.00,1.00
2014.06.25 18:57:19.944,1.46207,1.46224,1.00,1.00
2014.06.25 18:57:28.153,1.46208,1.46224,1.00,1.00
2014.06.25 18:57:36.290,1.46206,1.46224,1.00,1.00
2014.06.25 18:57:39.854,1.46206,1.46225,1.25,2.25
2014.06.25 18:57:41.071,1.46206,1.46215,1.00,1.00
2014.06.25 18:57:41.173,1.46197,1.4621,1.00,1.00
2014.06.25 18:57:41.275,1.46195,1.4621,1.00,1.00
2014.06.25 18:57:41.377,1.46193,1.4621,1.25,1.00
2014.06.25 18:57:41.832,1.46195,1.46211,1.00,1.00
2014.06.25 18:57:42.138,1.46192,1.46211,1.19,1.50
2014.06.25 18:57:42.644,1.46192,1.46211,1.25,1.50
2014.06.25 18:57:43.379,1.46197,1.46211,1.00,1.00
2014.06.25 18:57:43.684,1.46203,1.4622,1.00,1.00
2014.06.25 18:57:43.887,1.46205,1.46222,1.00,1.00
2014.06.25 18:57:44.421,1.46205,1.46223,1.25,1.00
2014.06.25 18:57:48.637,1.46206,1.46224,1.00,1.50
2014.06.25 18:57:49.994,1.46205,1.46223,1.69,1.00
2014.06.25 18:57:50.756,1.46205,1.46223,1.00,1.00
2014.06.25 18:57:54.967,1.46206,1.46223,1.00,1.00
2014.06.25 18:57:55.069,1.46207,1.46225,2.07,1.00
2014.06.25 18:57:55.120,1.46209,1.46227,1.00,3.19
2014.06.25 18:57:59.872,1.46209,1.46226,1.00,1.00
2014.06.25 18:58:00.379,1.46208,1.46226,1.00,1.50
2014.06.25 18:58:00.859,1.46206,1.46224,1.00,1.00
2014.06.25 18:58:05.370,1.46206,1.46222,1.25,1.00
2014.06.25 18:58:08.121,1.46206,1.4622,1.00,1.00
2014.06.25 18:58:08.172,1.46204,1.4622,1.69,1.00
2014.06.25 18:58:15.871,1.46203,1.4622,1.00,1.00
2014.06.25 18:58:15.973,1.46202,1.46218,1.25,1.00
2014.06.25 18:58:16.277,1.46201,1.46212,1.25,1.00
2014.06.25 18:58:18.594,1.46202,1.46212,1.00,1.00
2014.06.25 18:58:19.000,1.46202,1.46218,1.00,1.00
2014.06.25 18:58:19.564,1.46203,1.46218,1.00,1.00
2014.06.25 18:58:22.177,1.46203,1.46219,1.25,1.00
2014.06.25 18:58:23.035,1.462,1.46219,1.19,1.00
2014.06.25 18:58:23.086,1.462,1.46214,1.19,1.00
2014.06.25 18:58:23.607,1.462,1.46219,1.19,1.00
2014.06.25 18:58:24.263,1.46202,1.46215,1.25,1.00
2014.06.25 18:58:25.210,1.46201,1.46215,1.32,1.00
2014.06.25 18:58:25.957,1.46201,1.46219,1.69,1.00
2014.06.25 18:58:26.735,1.46201,1.46219,1.69,1.00
2014.06.25 18:58:27.126,1.46201,1.46214,1.69,1.00
2014.06.25 18:58:27.673,1.46201,1.46219,1.19,1.50
2014.06.25 18:58:33.986,1.46201,1.46219,1.19,1.50
2014.06.25 18:58:34.961,1.46201,1.46219,1.19,1.50
2014.06.25 18:58:35.753,1.46203,1.46216,1.00,1.00
2014.06.25 18:58:35.854,1.46203,1.4622,1.19,1.00
2014.06.25 18:58:36.037,1.46203,1.46216,1.19,1.00
2014.06.25 18:58:36.395,1.46203,1.46214,1.00,1.00
2014.06.25 18:58:36.979,1.462,1.46214,1.19,1.00
2014.06.25 18:58:37.486,1.462,1.46214,1.25,1.00
2014.06.25 18:58:38.062,1.462,1.46218,1.25,1.00
2014.06.25 18:58:40.292,1.462,1.46214,1.25,1.00
2014.06.25 18:58:44.372,1.462,1.46211,1.00,1.00
2014.06.25 18:58:44.473,1.46199,1.46216,1.25,1.00
2014.06.25 18:58:44.575,1.462,1.46214,1.00,1.00
2014.06.25 18:58:45.363,1.462,1.46216,1.00,1.00
2014.06.25 18:58:45.901,1.46199,1.46216,1.25,1.00
2014.06.25 18:58:46.232,1.46199,1.46211,1.25,1.00
2014.06.25 18:58:48.022,1.46198,1.46211,1.25,1.00
2014.06.25 18:58:48.073,1.46198,1.46216,1.25,1.00
2014.06.25 18:58:48.225,1.46197,1.46211,1.69,1.00
2014.06.25 18:58:49.634,1.46197,1.46211,1.69,1.00
2014.06.25 18:58:50.420,1.46197,1.4621,1.69,1.00
2014.06.25 18:58:52.799,1.46197,1.46211,1.50,1.00
2014.06.25 18:58:54.911,1.46197,1.46212,1.69,1.00
2014.06.25 18:58:55.215,1.46196,1.46208,1.00,1.00
2014.06.25 18:58:55.721,1.46195,1.46208,1.00,1.00
2014.06.25 18:58:56.282,1.46195,1.46211,1.00,1.00
2014.06.25 18:58:56.383,1.46194,1.46209,1.25,1.00
2014.06.25 18:58:56.911,1.46195,1.46209,1.00,1.00
2014.06.25 18:58:57.581,1.46195,1.46207,1.25,1.00
2014.06.25 18:58:58.570,1.46195,1.46209,1.25,1.00
2014.06.25 18:58:59.448,1.46195,1.46212,1.25,1.00
2014.06.25 18:58:59.600,1.46195,1.46209,1.00,1.00
2014.06.25 18:59:00.144,1.46195,1.46208,1.00,1.00
2014.06.25 18:59:00.472,1.46196,1.46211,1.00,1.00
2014.06.25 18:59:00.983,1.46195,1.46211,1.25,1.00
2014.06.25 18:59:02.202,1.46194,1.46211,1.69,1.00
2014.06.25 18:59:03.189,1.46194,1.4621,1.00,1.00
2014.06.25 18:59:03.240,1.46193,1.46208,1.00,1.50
2014.06.25 18:59:03.385,1.4619,1.46208,1.50,1.50
2014.06.25 18:59:03.743,1.46192,1.46207,1.25,1.00
2014.06.25 18:59:04.846,1.4619,1.46207,1.50,1.00
2014.06.25 18:59:06.663,1.4619,1.46201,1.00,1.00
2014.06.25 18:59:07.363,1.4619,1.46202,1.00,1.00
2014.06.25 18:59:07.544,1.4619,1.46207,1.00,1.00
2014.06.25 18:59:08.449,1.4619,1.46208,1.25,1.50
2014.06.25 18:59:10.173,1.46191,1.46208,1.00,1.00
2014.06.25 18:59:10.732,1.46197,1.46208,1.00,1.00
2014.06.25 18:59:11.037,1.462,1.46211,1.50,1.00
2014.06.25 18:59:11.189,1.462,1.46213,1.50,1.00
2014.06.25 18:59:11.391,1.46199,1.46215,1.00,1.00
2014.06.25 18:59:11.613,1.46199,1.4621,1.19,1.00
2014.06.25 18:59:12.825,1.46199,1.46215,1.19,1.00
2014.06.25 18:59:13.148,1.46199,1.4621,1.19,1.00
2014.06.25 18:59:13.510,1.46199,1.46215,1.25,1.00
2014.06.25 18:59:13.825,1.46199,1.46213,1.25,1.00
2014.06.25 18:59:14.866,1.46201,1.46213,1.00,1.00
2014.06.25 18:59:15.173,1.46197,1.46213,2.82,1.00
2014.06.25 18:59:15.275,1.46196,1.46213,1.00,1.50
2014.06.25 18:59:15.377,1.46194,1.46211,1.69,1.00
2014.06.25 18:59:15.682,1.46194,1.46205,1.00,1.00
2014.06.25 18:59:15.793,1.46192,1.46205,1.25,1.00
2014.06.25 18:59:16.163,1.46192,1.46203,1.00,1.00
2014.06.25 18:59:16.215,1.46189,1.46203,1.24,1.00
2014.06.25 18:59:17.221,1.46188,1.46203,1.00,1.00
2014.06.25 18:59:18.868,1.46188,1.46202,1.00,1.00
2014.06.25 18:59:20.136,1.46189,1.46202,1.00,1.00
2014.06.25 18:59:21.016,1.46188,1.46202,1.00,1.00
2014.06.25 18:59:21.536,1.46187,1.46204,1.00,1.00
2014.06.25 18:59:21.587,1.46186,1.46198,1.00,1.00
2014.06.25 18:59:21.638,1.46182,1.46197,2.25,1.00
2014.06.25 18:59:21.841,1.4618,1.46197,1.00,1.00
2014.06.25 18:59:21.993,1.46178,1.46196,1.00,2.25
2014.06.25 18:59:22.044,1.46177,1.46191,1.00,1.00
2014.06.25 18:59:22.146,1.46177,1.46194,1.00,1.00
2014.06.25 18:59:22.277,1.46176,1.4619,1.00,1.00
2014.06.25 18:59:22.583,1.46176,1.46185,1.00,1.00
2014.06.25 18:59:22.939,1.4617,1.46184,1.00,1.00
2014.06.25 18:59:23.041,1.46165,1.46183,1.00,1.00
2014.06.25 18:59:23.711,1.46164,1.46182,1.69,1.00
2014.06.25 18:59:24.015,1.46163,1.46179,1.00,1.00
2014.06.25 18:59:24.533,1.46161,1.46179,1.19,1.00
2014.06.25 18:59:24.837,1.46167,1.4618,1.00,1.00
2014.06.25 18:59:24.888,1.46167,1.46185,1.00,1.50
2014.06.25 18:59:25.250,1.46168,1.4618,1.00,1.00
2014.06.25 18:59:25.353,1.46165,1.46183,1.00,1.00
2014.06.25 18:59:25.454,1.46164,1.46178,1.00,1.00
2014.06.25 18:59:25.657,1.46162,1.46179,1.25,1.00
2014.06.25 18:59:25.911,1.46162,1.4618,1.19,1.00
2014.06.25 18:59:25.962,1.46165,1.46182,1.00,1.00
2014.06.25 18:59:26.317,1.46163,1.46181,1.25,1.00
2014.06.25 18:59:26.472,1.46165,1.46183,1.00,1.50
2014.06.25 18:59:27.370,1.46165,1.46177,1.00,1.00
2014.06.25 18:59:27.523,1.4616,1.46178,1.50,1.13
2014.06.25 18:59:27.574,1.4616,1.46171,1.00,1.00
2014.06.25 18:59:27.776,1.46158,1.46173,1.00,1.00
2014.06.25 18:59:28.282,1.46158,1.46174,1.00,1.00
2014.06.25 18:59:28.788,1.46159,1.46176,1.00,1.00
2014.06.25 18:59:29.335,1.46159,1.46177,1.00,1.50
2014.06.25 18:59:30.320,1.46159,1.46176,1.00,1.00
2014.06.25 18:59:30.826,1.46159,1.46177,1.00,1.00
2014.06.25 18:59:31.858,1.46159,1.46176,1.00,1.00
2014.06.25 18:59:32.234,1.46161,1.46176,1.00,1.00
2014.06.25 18:59:32.404,1.46161,1.46178,1.00,1.00
2014.06.25 18:59:32.929,1.46162,1.46179,1.00,1.00
2014.06.25 18:59:33.347,1.46164,1.46181,1.00,1.00
2014.06.25 18:59:33.652,1.46166,1.46182,1.00,1.00
2014.06.25 18:59:33.968,1.46168,1.46181,1.00,1.00
2014.06.25 18:59:35.085,1.46167,1.46181,1.00,1.00
2014.06.25 18:59:35.295,1.46164,1.46181,1.19,1.50
2014.06.25 18:59:35.397,1.46164,1.46178,1.00,1.00
2014.06.25 18:59:35.549,1.4616,1.46178,1.25,1.00
2014.06.25 18:59:36.055,1.46159,1.46177,1.19,1.50
2014.06.25 18:59:36.106,1.46163,1.46177,1.00,1.00
2014.06.25 18:59:36.208,1.46164,1.46179,1.00,1.00
2014.06.25 18:59:36.309,1.46164,1.46182,1.00,1.00
2014.06.25 18:59:36.613,1.46162,1.4618,1.00,1.00
2014.06.25 18:59:37.503,1.46164,1.46181,1.00,1.50
2014.06.25 18:59:37.605,1.46165,1.46183,1.00,1.00
2014.06.25 18:59:38.194,1.46164,1.46182,1.00,1.00
2014.06.25 18:59:38.296,1.46164,1.4618,1.00,1.00
2014.06.25 18:59:38.398,1.4616,1.46178,1.50,1.00
2014.06.25 18:59:38.500,1.46156,1.46173,1.00,1.00
2014.06.25 18:59:43.237,1.46157,1.46175,1.00,1.00
2014.06.25 18:59:44.215,1.46158,1.46176,1.00,2.25
2014.06.25 18:59:44.368,1.4616,1.46177,1.00,1.00
2014.06.25 18:59:44.419,1.46162,1.4618,1.00,1.50
2014.06.25 18:59:44.521,1.46165,1.46181,1.00,1.00
2014.06.25 18:59:44.623,1.46165,1.46183,1.50,1.00
2014.06.25 18:59:44.724,1.46165,1.46185,1.50,2.25
2014.06.25 18:59:45.184,1.46162,1.4618,1.19,1.00
2014.06.25 18:59:45.336,1.46162,1.4618,1.00,1.00
2014.06.25 18:59:45.387,1.46162,1.46178,1.00,1.00
2014.06.25 18:59:45.641,1.46157,1.46175,1.25,1.00
2014.06.25 18:59:46.147,1.46156,1.46174,1.19,1.00
2014.06.25 18:59:46.663,1.46156,1.46174,1.00,1.00
2014.06.25 18:59:49.997,1.46158,1.46175,1.00,1.00
2014.06.25 18:59:51.311,1.46159,1.46176,1.00,1.00
2014.06.25 18:59:55.189,1.46158,1.46175,1.00,1.00
2014.06.25 18:59:55.701,1.46156,1.46174,1.69,1.00
2014.06.25 18:59:56.211,1.46157,1.46175,1.00,1.50
2014.06.25 18:59:57.141,1.46158,1.46175,1.00,1.00
2014.06.25 18:59:57.697,1.46158,1.46176,1.00,1.00
2014.06.25 18:59:58.323,1.46159,1.46177,1.00,1.50
2014.06.25 18:59:59.157,1.46161,1.46178,1.00,1.00
2014.06.25 18:59:59.462,1.46164,1.46182,1.69,1.00
2014.06.25 18:59:59.564,1.46166,1.46184,1.19,2.25
