2018.02.02 11:00:00.103,1.53703,1.53717,1.00,1.00
2018.02.02 11:00:00.273,1.53701,1.53718,1.00,1.19
2018.02.02 11:00:00.694,1.53701,1.53719,1.37,2.25
2018.02.02 11:00:01.217,1.53702,1.53718,1.12,1.19
2018.02.02 11:00:02.355,1.53701,1.53716,1.25,1.00
2018.02.02 11:00:02.818,1.53702,1.5372,1.00,2.81
2018.02.02 11:00:04.089,1.53702,1.5372,1.37,1.19
2018.02.02 11:00:04.308,1.53702,1.53716,1.00,1.00
2018.02.02 11:00:04.617,1.53702,1.53718,1.37,1.00
2018.02.02 11:00:04.721,1.53702,1.53715,1.00,1.19
2018.02.02 11:00:04.773,1.53699,1.53715,1.12,1.00
2018.02.02 11:00:04.904,1.53699,1.53712,1.00,1.19
2018.02.02 11:00:04.959,1.53696,1.53713,1.12,1.31
2018.02.02 11:00:06.255,1.53695,1.5371,1.37,1.00
2018.02.02 11:00:06.307,1.53695,1.53714,1.87,1.88
2018.02.02 11:00:06.463,1.53694,1.53711,1.00,1.00
2018.02.02 11:00:06.975,1.53695,1.5371,1.00,1.00
2018.02.02 11:00:07.492,1.53695,1.53709,1.00,1.25
2018.02.02 11:00:07.647,1.53696,1.53713,1.50,1.19
2018.02.02 11:00:08.163,1.537,1.53714,1.00,1.31
2018.02.02 11:00:08.250,1.537,1.53714,1.00,1.00
2018.02.02 11:00:08.815,1.53699,1.53714,1.00,1.00
2018.02.02 11:00:09.341,1.53697,1.53714,1.25,1.00
2018.02.02 11:00:09.949,1.53697,1.53715,3.19,1.19
2018.02.02 11:00:10.054,1.53699,1.53717,1.62,1.69
2018.02.02 11:00:10.261,1.53701,1.53715,1.00,1.19
2018.02.02 11:00:10.365,1.53697,1.53713,1.50,1.19
2018.02.02 11:00:10.881,1.53697,1.53714,1.00,1.19
2018.02.02 11:00:11.604,1.53696,1.53714,1.00,2.06
2018.02.02 11:00:11.812,1.53694,1.53712,1.12,1.19
2018.02.02 11:00:12.020,1.53695,1.53713,1.37,1.19
2018.02.02 11:00:12.072,1.53695,1.53713,1.12,1.25
2018.02.02 11:00:12.175,1.53697,1.53713,1.00,1.25
2018.02.02 11:00:13.051,1.53698,1.53713,1.00,1.00
2018.02.02 11:00:13.787,1.53697,1.53713,1.12,1.00
2018.02.02 11:00:14.344,1.53698,1.53715,1.12,1.19
2018.02.02 11:00:14.790,1.537,1.53715,1.00,1.19
2018.02.02 11:00:15.829,1.537,1.53715,1.00,1.19
2018.02.02 11:00:16.369,1.537,1.53715,1.00,1.25
2018.02.02 11:00:16.884,1.537,1.53714,1.00,1.00
2018.02.02 11:00:17.407,1.537,1.53715,1.00,1.13
2018.02.02 11:00:18.977,1.53701,1.53717,1.00,1.25
2018.02.02 11:00:19.030,1.53702,1.53719,1.00,1.00
2018.02.02 11:00:19.082,1.53705,1.53722,1.00,1.69
2018.02.02 11:00:19.627,1.53706,1.53722,1.00,1.19
2018.02.02 11:00:20.141,1.53706,1.53722,1.00,1.19
2018.02.02 11:00:22.310,1.53705,1.53719,1.00,1.25
2018.02.02 11:00:22.414,1.53703,1.53721,1.00,1.12
2018.02.02 11:00:22.621,1.53702,1.53717,1.00,1.00
2018.02.02 11:00:23.134,1.53701,1.53718,1.00,2.06
2018.02.02 11:00:23.326,1.53697,1.53713,1.69,1.25
2018.02.02 11:00:23.584,1.53701,1.53717,1.00,1.69
2018.02.02 11:00:23.740,1.53712,1.53731,1.00,1.31
2018.02.02 11:00:23.792,1.53714,1.53731,1.00,1.31
2018.02.02 11:00:23.844,1.53714,1.53732,1.00,1.12
2018.02.02 11:00:23.896,1.53714,1.5373,1.00,1.31
2018.02.02 11:00:24.610,1.53712,1.5373,1.25,2.06
2018.02.02 11:00:24.712,1.53711,1.53728,1.25,2.06
2018.02.02 11:00:25.019,1.53709,1.53725,1.00,1.31
2018.02.02 11:00:25.548,1.5371,1.53725,1.00,1.31
2018.02.02 11:00:26.993,1.53709,1.53726,1.12,2.06
2018.02.02 11:00:28.079,1.53709,1.53725,1.12,1.31
2018.02.02 11:00:28.810,1.5371,1.53725,1.00,1.31
2018.02.02 11:00:28.916,1.53711,1.53725,1.00,1.19
2018.02.02 11:00:28.967,1.53711,1.53725,1.00,1.31
2018.02.02 11:00:29.019,1.5371,1.53725,1.00,1.19
2018.02.02 11:00:30.091,1.53709,1.53724,1.00,1.25
2018.02.02 11:00:30.879,1.53709,1.53724,1.00,1.19
2018.02.02 11:00:33.643,1.53707,1.53721,1.25,1.19
2018.02.02 11:00:34.163,1.53706,1.53722,1.25,1.19
2018.02.02 11:00:34.543,1.53706,1.53724,1.25,1.69
2018.02.02 11:00:34.595,1.53709,1.53725,1.00,2.06
2018.02.02 11:00:34.905,1.53709,1.53726,1.00,1.19
2018.02.02 11:00:35.527,1.5371,1.53726,1.25,1.19
2018.02.02 11:00:36.040,1.5371,1.53725,1.00,1.19
2018.02.02 11:00:36.588,1.53709,1.53725,1.25,1.19
2018.02.02 11:00:36.851,1.5371,1.53727,1.25,1.19
2018.02.02 11:00:37.011,1.53712,1.53728,1.00,1.19
2018.02.02 11:00:37.321,1.53714,1.53728,1.00,1.19
2018.02.02 11:00:37.527,1.53712,1.53727,1.00,1.19
2018.02.02 11:00:37.921,1.53711,1.53727,1.00,2.44
2018.02.02 11:00:38.230,1.5371,1.53724,1.00,1.19
2018.02.02 11:00:38.777,1.53709,1.53724,1.00,1.19
2018.02.02 11:00:41.252,1.53707,1.53724,1.69,1.19
2018.02.02 11:00:44.118,1.53707,1.5372,1.00,1.25
2018.02.02 11:00:44.170,1.53705,1.53719,1.00,1.00
2018.02.02 11:00:44.629,1.53706,1.53722,1.00,1.25
2018.02.02 11:00:45.084,1.53707,1.53725,1.00,1.19
2018.02.02 11:00:45.138,1.53711,1.53725,1.00,1.50
2018.02.02 11:00:45.191,1.53711,1.53727,1.00,1.25
2018.02.02 11:00:45.245,1.53711,1.53725,1.00,1.00
2018.02.02 11:00:45.517,1.53715,1.53731,1.00,1.00
2018.02.02 11:00:45.569,1.53715,1.53729,1.12,1.00
2018.02.02 11:00:45.671,1.53712,1.53729,1.31,1.00
2018.02.02 11:00:46.465,1.53712,1.53728,1.25,1.25
2018.02.02 11:00:49.042,1.53712,1.53728,1.37,1.25
2018.02.02 11:00:49.574,1.53711,1.53727,1.12,1.00
2018.02.02 11:00:50.084,1.53711,1.53728,1.25,1.19
2018.02.02 11:00:50.628,1.53711,1.53727,1.00,1.25
2018.02.02 11:00:51.399,1.53711,1.53725,1.00,1.00
2018.02.02 11:00:52.938,1.53711,1.53725,1.25,1.19
2018.02.02 11:00:54.067,1.53711,1.53725,1.25,1.00
2018.02.02 11:00:55.525,1.53711,1.53725,1.00,1.19
2018.02.02 11:00:59.570,1.53712,1.53729,1.00,1.19
2018.02.02 11:00:59.624,1.53714,1.53728,1.00,1.19
2018.02.02 11:00:59.728,1.53711,1.53727,1.69,1.25
2018.02.02 11:01:00.279,1.53711,1.53726,1.25,1.00
2018.02.02 11:01:01.424,1.53711,1.53724,1.00,1.19
2018.02.02 11:01:01.594,1.53706,1.5372,1.00,1.25
2018.02.02 11:01:01.851,1.53707,1.53723,1.00,1.69
2018.02.02 11:01:02.158,1.53707,1.53721,1.00,1.00
2018.02.02 11:01:02.547,1.53705,1.5372,1.00,1.00
2018.02.02 11:01:03.006,1.53705,1.53718,1.00,1.00
2018.02.02 11:01:03.718,1.53704,1.53718,1.00,1.00
2018.02.02 11:01:04.340,1.53705,1.53718,1.00,1.00
2018.02.02 11:01:04.857,1.53704,1.53718,1.00,1.00
2018.02.02 11:01:06.090,1.53704,1.5372,1.25,1.00
2018.02.02 11:01:06.757,1.53706,1.5372,1.00,1.00
2018.02.02 11:01:07.307,1.53706,1.53719,1.00,1.00
2018.02.02 11:01:07.723,1.53704,1.53719,1.00,1.00
2018.02.02 11:01:08.295,1.53704,1.53718,1.00,1.00
2018.02.02 11:01:10.877,1.53704,1.53716,1.00,1.00
2018.02.02 11:01:12.337,1.53704,1.53717,1.00,1.00
2018.02.02 11:01:13.068,1.53704,1.53716,1.00,1.00
2018.02.02 11:01:14.551,1.53704,1.53718,1.12,1.00
2018.02.02 11:01:14.603,1.53706,1.5372,1.37,1.25
2018.02.02 11:01:14.988,1.53709,1.5372,1.00,1.00
2018.02.02 11:01:17.015,1.53707,1.53721,1.25,1.00
2018.02.02 11:01:17.120,1.53704,1.53717,1.25,1.00
2018.02.02 11:01:17.172,1.53703,1.5372,1.00,1.19
2018.02.02 11:01:17.224,1.53707,1.5372,1.00,1.00
2018.02.02 11:01:17.533,1.53709,1.53721,1.00,1.00
2018.02.02 11:01:17.740,1.53709,1.53725,1.00,1.88
2018.02.02 11:01:18.253,1.5371,1.53725,1.00,1.19
2018.02.02 11:01:20.414,1.53711,1.53727,1.00,2.63
2018.02.02 11:01:20.984,1.5371,1.53727,1.00,1.88
2018.02.02 11:01:21.693,1.53711,1.53727,1.00,1.50
2018.02.02 11:01:22.442,1.53712,1.53727,1.00,1.31
2018.02.02 11:01:22.615,1.53714,1.53727,1.00,1.31
2018.02.02 11:01:22.748,1.53714,1.53729,1.00,3.00
2018.02.02 11:01:24.439,1.53714,1.53727,1.00,1.69
2018.02.02 11:01:24.561,1.53712,1.53727,1.00,2.25
2018.02.02 11:01:24.809,1.53712,1.53728,1.00,3.19
2018.02.02 11:01:25.119,1.53714,1.53729,1.00,1.37
2018.02.02 11:01:25.328,1.5372,1.53735,1.00,1.50
2018.02.02 11:01:25.380,1.53722,1.53735,1.00,1.00
2018.02.02 11:01:25.688,1.53724,1.53737,1.00,1.13
2018.02.02 11:01:25.998,1.53722,1.53738,1.00,1.19
2018.02.02 11:01:26.050,1.53722,1.53737,1.00,2.06
2018.02.02 11:01:26.103,1.5372,1.53735,1.00,1.19
2018.02.02 11:01:26.374,1.53722,1.53738,1.50,1.00
2018.02.02 11:01:26.426,1.53724,1.5374,1.00,2.44
2018.02.02 11:01:26.942,1.53724,1.5374,1.00,1.69
2018.02.02 11:01:27.246,1.53724,1.53742,1.50,1.31
2018.02.02 11:01:27.399,1.53725,1.53744,1.00,1.13
2018.02.02 11:01:28.110,1.53725,1.53744,1.44,1.13
2018.02.02 11:01:28.368,1.53725,1.53744,1.69,1.19
2018.02.02 11:01:28.472,1.53725,1.53744,1.00,1.19
2018.02.02 11:01:28.576,1.53726,1.53745,1.37,2.62
2018.02.02 11:01:29.533,1.5372,1.53738,1.19,1.19
2018.02.02 11:01:29.740,1.53721,1.53738,1.37,1.12
2018.02.02 11:01:30.470,1.53722,1.53739,1.00,1.50
2018.02.02 11:01:30.984,1.53721,1.53739,1.25,1.50
2018.02.02 11:01:32.023,1.53721,1.5374,1.69,3.75
2018.02.02 11:01:33.055,1.53721,1.53739,1.69,1.63
2018.02.02 11:01:33.566,1.53721,1.53739,1.69,1.63
2018.02.02 11:01:36.047,1.53721,1.53739,1.69,1.69
2018.02.02 11:01:36.715,1.53721,1.53737,1.25,1.31
2018.02.02 11:01:36.820,1.53718,1.53735,1.00,1.25
2018.02.02 11:01:37.600,1.53718,1.53734,1.00,1.00
2018.02.02 11:01:38.115,1.53717,1.53734,1.12,1.19
2018.02.02 11:01:39.249,1.53716,1.53735,1.37,3.19
2018.02.02 11:01:40.130,1.53715,1.53733,1.00,2.81
2018.02.02 11:01:40.660,1.53714,1.53734,2.44,3.94
2018.02.02 11:01:41.166,1.53715,1.53733,1.25,1.19
2018.02.02 11:01:41.731,1.53715,1.53733,1.25,1.25
2018.02.02 11:01:42.116,1.53717,1.53736,1.37,2.63
2018.02.02 11:01:42.421,1.53721,1.53738,1.00,2.06
2018.02.02 11:01:42.524,1.53719,1.53738,2.62,1.87
2018.02.02 11:01:43.638,1.5372,1.53738,1.00,1.87
2018.02.02 11:01:44.282,1.53721,1.53738,1.12,1.50
2018.02.02 11:01:45.381,1.53722,1.53738,1.00,1.50
2018.02.02 11:01:45.947,1.53722,1.53739,1.00,1.69
2018.02.02 11:01:47.151,1.53721,1.53739,1.00,1.88
2018.02.02 11:01:47.715,1.53723,1.5374,1.00,1.88
2018.02.02 11:01:47.767,1.53723,1.5374,1.00,1.56
2018.02.02 11:01:49.711,1.53723,1.5374,1.00,1.19
2018.02.02 11:01:53.147,1.53721,1.53741,2.81,3.00
2018.02.02 11:01:53.267,1.53725,1.53741,1.00,1.50
2018.02.02 11:01:53.321,1.53727,1.53742,1.00,1.44
2018.02.02 11:01:53.426,1.5373,1.53746,1.00,1.69
2018.02.02 11:01:54.607,1.53729,1.53749,3.19,3.94
2018.02.02 11:01:55.134,1.53729,1.53747,1.19,1.44
2018.02.02 11:01:55.187,1.53735,1.5375,1.37,1.12
2018.02.02 11:01:55.241,1.53735,1.53752,1.87,1.00
2018.02.02 11:01:55.345,1.53735,1.53752,1.00,1.25
2018.02.02 11:01:55.449,1.53735,1.53752,1.37,1.00
2018.02.02 11:01:55.582,1.53735,1.53754,1.00,1.31
2018.02.02 11:01:55.688,1.53736,1.53754,1.37,1.19
2018.02.02 11:01:55.740,1.53734,1.53754,2.06,1.19
2018.02.02 11:01:55.792,1.53737,1.53755,1.00,1.37
2018.02.02 11:01:55.844,1.53735,1.53755,1.25,4.50
2018.02.02 11:01:55.896,1.53736,1.53755,1.87,1.87
2018.02.02 11:01:55.948,1.53735,1.53755,1.50,2.25
2018.02.02 11:01:56.463,1.53736,1.53753,1.00,1.00
2018.02.02 11:01:56.515,1.53734,1.53753,1.12,1.50
2018.02.02 11:01:56.723,1.53738,1.53757,1.12,2.25
2018.02.02 11:01:57.230,1.53738,1.53757,1.12,1.88
2018.02.02 11:01:57.442,1.53737,1.53753,1.50,1.25
2018.02.02 11:01:57.545,1.53734,1.53753,1.12,1.31
2018.02.02 11:01:57.752,1.53733,1.53752,1.37,1.19
2018.02.02 11:01:57.856,1.53736,1.53755,1.37,1.69
2018.02.02 11:01:57.909,1.53736,1.53756,2.06,1.50
2018.02.02 11:01:58.466,1.53736,1.53756,2.06,1.81
2018.02.02 11:01:59.001,1.53736,1.53756,2.06,2.63
2018.02.02 11:02:00.916,1.53735,1.53753,1.00,2.06
2018.02.02 11:02:01.475,1.53734,1.53752,1.00,1.69
2018.02.02 11:02:02.191,1.53734,1.53752,1.00,1.31
2018.02.02 11:02:02.860,1.53734,1.53751,1.00,1.38
2018.02.02 11:02:03.097,1.53728,1.53747,1.00,1.88
2018.02.02 11:02:03.419,1.5373,1.53747,1.00,1.19
2018.02.02 11:02:03.472,1.53732,1.53751,1.31,1.81
2018.02.02 11:02:03.524,1.53734,1.53752,1.25,1.00
2018.02.02 11:02:03.731,1.53734,1.53753,1.00,2.25
2018.02.02 11:02:03.836,1.53734,1.53753,1.00,2.25
2018.02.02 11:02:03.888,1.53734,1.53752,1.00,1.31
2018.02.02 11:02:03.940,1.5373,1.53749,1.00,1.56
2018.02.02 11:02:04.269,1.5373,1.5375,2.06,1.87
2018.02.02 11:02:04.528,1.53733,1.53751,1.00,1.19
2018.02.02 11:02:05.097,1.53733,1.53752,1.00,3.38
2018.02.02 11:02:05.201,1.53733,1.53752,1.00,3.56
2018.02.02 11:02:07.464,1.53733,1.53752,2.47,2.06
2018.02.02 11:02:07.519,1.53744,1.53758,1.00,1.19
2018.02.02 11:02:07.654,1.53744,1.53761,1.00,1.19
2018.02.02 11:02:07.858,1.53746,1.53763,1.00,1.13
2018.02.02 11:02:08.473,1.53746,1.53763,1.00,1.31
2018.02.02 11:02:09.004,1.53745,1.53763,1.00,1.19
2018.02.02 11:02:09.263,1.53743,1.53762,1.25,3.00
2018.02.02 11:02:09.544,1.5374,1.53759,1.44,1.00
2018.02.02 11:02:10.154,1.5374,1.5376,1.25,3.00
2018.02.02 11:02:10.467,1.5374,1.53758,1.69,1.19
2018.02.02 11:02:10.520,1.53737,1.53756,1.69,2.81
2018.02.02 11:02:10.691,1.53735,1.53753,1.25,1.25
2018.02.02 11:02:10.793,1.53739,1.53756,1.00,1.19
2018.02.02 11:02:11.785,1.5374,1.53756,1.00,1.19
2018.02.02 11:02:11.837,1.5374,1.53758,1.00,1.31
2018.02.02 11:02:11.888,1.53741,1.53758,1.00,1.19
2018.02.02 11:02:11.940,1.53744,1.53762,1.00,1.44
2018.02.02 11:02:11.992,1.53746,1.53765,1.37,2.06
2018.02.02 11:02:12.043,1.53745,1.53765,1.00,3.94
2018.02.02 11:02:12.299,1.53746,1.53765,1.00,1.13
2018.02.02 11:02:12.857,1.53746,1.53765,1.19,1.31
2018.02.02 11:02:12.961,1.53745,1.53765,1.12,3.56
2018.02.02 11:02:13.248,1.53745,1.53765,1.12,4.13
2018.02.02 11:02:15.141,1.53746,1.53765,1.25,2.44
2018.02.02 11:02:15.712,1.53746,1.53765,1.44,2.81
2018.02.02 11:02:16.041,1.53753,1.53767,1.00,1.19
2018.02.02 11:02:16.093,1.53753,1.5377,1.00,2.44
2018.02.02 11:02:16.659,1.53754,1.5377,1.00,1.50
2018.02.02 11:02:18.329,1.53754,1.53771,1.00,1.50
2018.02.02 11:02:19.988,1.53754,1.5377,1.00,1.31
2018.02.02 11:02:21.138,1.53754,1.53771,1.00,1.69
2018.02.02 11:02:21.396,1.53754,1.53772,1.25,1.19
2018.02.02 11:02:21.448,1.53758,1.53772,1.00,1.19
2018.02.02 11:02:22.248,1.53755,1.53774,1.69,2.81
2018.02.02 11:02:22.712,1.53757,1.53774,1.00,1.19
2018.02.02 11:02:23.443,1.53758,1.53775,1.00,2.44
2018.02.02 11:02:27.450,1.53756,1.53775,1.13,2.06
2018.02.02 11:02:29.394,1.53756,1.53775,1.37,1.69
2018.02.02 11:02:31.839,1.53753,1.53772,1.50,1.56
2018.02.02 11:02:32.264,1.53751,1.5377,1.00,1.19
2018.02.02 11:02:32.598,1.53751,1.5377,1.25,1.94
2018.02.02 11:02:33.809,1.53756,1.53772,1.00,2.06
2018.02.02 11:02:34.386,1.53756,1.53775,1.50,1.56
2018.02.02 11:02:34.992,1.53757,1.53775,1.19,1.69
2018.02.02 11:02:35.512,1.53758,1.53776,1.19,1.19
2018.02.02 11:02:37.169,1.5376,1.53776,1.00,1.31
2018.02.02 11:02:37.751,1.5376,1.53777,1.00,1.19
2018.02.02 11:02:38.474,1.53761,1.53777,1.00,1.19
2018.02.02 11:02:38.556,1.53761,1.53777,1.00,1.19
2018.02.02 11:02:39.880,1.5376,1.53778,1.00,1.31
2018.02.02 11:02:41.044,1.53759,1.53778,1.31,1.31
2018.02.02 11:02:41.941,1.53765,1.53781,1.00,1.19
2018.02.02 11:02:41.994,1.53767,1.53784,1.00,1.50
2018.02.02 11:02:42.045,1.53767,1.53784,1.00,1.19
2018.02.02 11:02:42.587,1.53768,1.53786,1.00,1.69
2018.02.02 11:02:42.951,1.53772,1.53788,1.12,1.19
2018.02.02 11:02:43.434,1.53772,1.53792,1.00,2.25
2018.02.02 11:02:43.487,1.53769,1.53789,1.00,1.19
2018.02.02 11:02:43.644,1.53767,1.53788,2.06,1.69
2018.02.02 11:02:44.110,1.53768,1.53788,1.31,2.25
2018.02.02 11:02:44.489,1.53767,1.53787,3.37,1.31
2018.02.02 11:02:44.901,1.53768,1.53787,1.19,2.06
2018.02.02 11:02:45.415,1.53768,1.53787,1.69,1.50
2018.02.02 11:02:46.304,1.53769,1.53787,1.25,1.50
2018.02.02 11:02:46.676,1.53769,1.53789,2.44,4.50
2018.02.02 11:02:47.095,1.53769,1.53789,1.69,1.50
2018.02.02 11:02:47.722,1.5377,1.53789,1.00,2.44
2018.02.02 11:02:51.046,1.5377,1.53787,1.00,1.50
2018.02.02 11:02:51.722,1.5377,1.53789,1.00,1.25
2018.02.02 11:02:52.173,1.5377,1.53788,1.00,2.62
2018.02.02 11:02:52.702,1.5377,1.53789,1.25,1.13
2018.02.02 11:02:53.259,1.5377,1.53789,1.00,2.44
2018.02.02 11:02:53.793,1.5377,1.53789,1.25,4.69
2018.02.02 11:02:55.792,1.53767,1.53787,1.25,3.75
2018.02.02 11:02:56.102,1.53767,1.53785,1.25,1.69
2018.02.02 11:02:56.153,1.53768,1.53787,1.31,1.13
2018.02.02 11:02:56.357,1.53771,1.53788,1.00,2.06
2018.02.02 11:02:56.562,1.53766,1.53783,1.00,1.19
2018.02.02 11:02:56.615,1.53766,1.53783,1.00,2.44
2018.02.02 11:02:57.131,1.53765,1.53783,1.00,5.25
2018.02.02 11:02:58.440,1.53765,1.53782,1.00,1.81
2018.02.02 11:02:59.209,1.53764,1.53781,1.00,1.63
2018.02.02 11:02:59.827,1.53764,1.53783,1.37,1.38
2018.02.02 11:02:59.879,1.53764,1.53784,1.87,2.25
2018.02.02 11:03:00.402,1.53764,1.53782,1.00,1.50
2018.02.02 11:03:00.951,1.53764,1.53782,1.00,1.69
2018.02.02 11:03:01.167,1.53764,1.53782,1.00,1.69
2018.02.02 11:03:02.186,1.53763,1.53782,1.00,1.75
2018.02.02 11:03:07.811,1.53764,1.53782,1.00,2.44
2018.02.02 11:03:08.252,1.53766,1.53784,1.12,2.25
2018.02.02 11:03:08.769,1.53767,1.53784,1.00,1.31
2018.02.02 11:03:09.641,1.53767,1.53785,1.00,1.19
2018.02.02 11:03:10.968,1.53771,1.53786,1.00,1.31
2018.02.02 11:03:11.280,1.5377,1.53785,1.00,1.19
2018.02.02 11:03:11.795,1.53769,1.53786,1.50,1.88
2018.02.02 11:03:12.052,1.53769,1.53788,1.50,3.19
2018.02.02 11:03:12.592,1.5377,1.53788,1.00,2.25
2018.02.02 11:03:12.771,1.53772,1.53789,1.00,1.69
2018.02.02 11:03:13.301,1.53773,1.53791,1.00,2.63
2018.02.02 11:03:13.881,1.53773,1.53791,1.00,1.31
2018.02.02 11:03:15.994,1.53774,1.53792,1.00,1.31
2018.02.02 11:03:19.440,1.53774,1.53794,1.12,3.19
2018.02.02 11:03:19.492,1.53774,1.53794,1.37,2.06
2018.02.02 11:03:22.209,1.53773,1.53793,2.62,3.00
2018.02.02 11:03:22.712,1.53773,1.53793,1.87,3.19
2018.02.02 11:03:23.248,1.53771,1.53787,1.25,1.19
2018.02.02 11:03:23.410,1.53769,1.53787,2.44,2.06
2018.02.02 11:03:23.669,1.5377,1.53789,1.87,3.19
2018.02.02 11:03:26.345,1.53771,1.5379,1.69,1.31
2018.02.02 11:03:29.902,1.53771,1.5379,1.69,1.19
2018.02.02 11:03:30.497,1.53771,1.5379,1.25,1.69
2018.02.02 11:03:32.080,1.53773,1.53791,1.00,2.81
2018.02.02 11:03:32.586,1.53772,1.53791,1.00,3.56
2018.02.02 11:03:35.005,1.5377,1.53789,1.25,1.31
2018.02.02 11:03:35.197,1.53769,1.53787,1.00,1.19
2018.02.02 11:03:35.878,1.53768,1.53785,1.25,1.19
2018.02.02 11:03:36.482,1.53769,1.53785,1.00,1.19
2018.02.02 11:03:36.535,1.53766,1.53785,1.87,1.44
2018.02.02 11:03:36.588,1.53765,1.53785,3.56,3.75
2018.02.02 11:03:36.913,1.53765,1.5378,1.50,1.00
2018.02.02 11:03:37.551,1.53765,1.53781,1.69,1.00
2018.02.02 11:03:38.075,1.53765,1.53782,1.69,1.25
2018.02.02 11:03:38.533,1.53765,1.53784,2.44,2.81
2018.02.02 11:03:39.743,1.53767,1.53784,1.25,1.19
2018.02.02 11:03:40.275,1.53768,1.53784,1.00,1.19
2018.02.02 11:03:42.314,1.53767,1.53784,1.00,2.06
2018.02.02 11:03:42.865,1.53766,1.53781,1.00,1.25
2018.02.02 11:03:44.674,1.53764,1.53783,3.19,1.87
2018.02.02 11:03:45.814,1.53766,1.53783,1.00,1.31
2018.02.02 11:03:48.258,1.53766,1.53782,1.50,1.00
2018.02.02 11:03:48.566,1.53768,1.53786,1.00,1.44
2018.02.02 11:03:49.299,1.53768,1.53785,1.00,2.25
2018.02.02 11:03:49.911,1.53768,1.53785,1.00,1.19
2018.02.02 11:03:50.430,1.53767,1.53784,1.00,1.19
2018.02.02 11:03:50.622,1.53769,1.53788,2.25,1.31
2018.02.02 11:03:50.675,1.53773,1.53788,1.00,1.12
2018.02.02 11:03:50.986,1.53775,1.53788,1.00,1.00
2018.02.02 11:03:51.144,1.53776,1.53792,1.00,1.00
2018.02.02 11:03:51.249,1.53778,1.53795,1.25,1.00
2018.02.02 11:03:51.411,1.53782,1.53795,1.12,1.00
2018.02.02 11:03:51.514,1.53783,1.53799,1.00,1.00
2018.02.02 11:03:52.059,1.53784,1.538,1.00,1.25
2018.02.02 11:03:52.404,1.53786,1.538,1.00,1.25
2018.02.02 11:03:52.722,1.53782,1.53794,1.00,1.00
2018.02.02 11:03:52.877,1.53781,1.53797,1.00,1.13
2018.02.02 11:03:53.582,1.53781,1.5379,1.00,1.00
2018.02.02 11:03:53.635,1.53777,1.5379,1.31,1.00
2018.02.02 11:03:54.152,1.53776,1.5379,1.50,1.00
2018.02.02 11:03:54.673,1.53775,1.5379,1.00,1.00
2018.02.02 11:03:57.630,1.53774,1.5379,1.69,1.00
2018.02.02 11:04:00.272,1.53774,1.5379,1.00,1.50
2018.02.02 11:04:00.830,1.53773,1.53789,1.00,1.00
2018.02.02 11:04:04.894,1.53774,1.5379,1.00,1.69
2018.02.02 11:04:05.443,1.53774,1.53791,1.50,1.31
2018.02.02 11:04:05.958,1.53774,1.53792,1.50,1.69
2018.02.02 11:04:06.010,1.53774,1.53789,1.00,1.19
2018.02.02 11:04:06.062,1.53771,1.53786,1.50,1.25
2018.02.02 11:04:06.573,1.5377,1.53786,1.00,1.25
2018.02.02 11:04:07.151,1.5377,1.53785,1.00,1.00
2018.02.02 11:04:08.391,1.53768,1.53785,1.69,1.25
2018.02.02 11:04:12.221,1.53767,1.53785,1.87,1.69
2018.02.02 11:04:12.274,1.53766,1.53782,1.19,1.31
2018.02.02 11:04:12.432,1.53761,1.53778,1.00,2.44
2018.02.02 11:04:12.559,1.53762,1.53781,1.50,1.69
2018.02.02 11:04:12.662,1.53764,1.53783,1.50,2.06
2018.02.02 11:04:12.974,1.53769,1.53786,1.50,1.13
2018.02.02 11:04:13.437,1.53771,1.53786,1.00,1.00
2018.02.02 11:04:13.944,1.53771,1.53788,1.25,1.19
2018.02.02 11:04:14.471,1.53772,1.53788,1.25,1.00
2018.02.02 11:04:14.845,1.53771,1.53788,1.00,1.19
2018.02.02 11:04:15.259,1.53771,1.53785,1.00,1.31
2018.02.02 11:04:15.311,1.53767,1.53784,2.44,1.00
2018.02.02 11:04:15.619,1.53766,1.53777,1.19,1.00
2018.02.02 11:04:15.671,1.53764,1.53777,1.50,1.00
2018.02.02 11:04:15.775,1.5376,1.53777,1.69,1.00
2018.02.02 11:04:16.436,1.5376,1.53777,1.12,1.19
2018.02.02 11:04:17.435,1.53761,1.53778,1.00,1.19
2018.02.02 11:04:18.039,1.53761,1.53778,1.00,1.19
2018.02.02 11:04:18.570,1.53762,1.53778,1.00,1.19
2018.02.02 11:04:18.768,1.5376,1.53778,2.81,1.19
2018.02.02 11:04:19.272,1.5376,1.53778,2.81,1.19
2018.02.02 11:04:19.955,1.5376,1.53777,1.69,1.19
2018.02.02 11:04:20.110,1.53762,1.53778,1.00,2.06
2018.02.02 11:04:21.285,1.53762,1.53778,1.00,1.69
2018.02.02 11:04:21.844,1.5376,1.53777,1.00,2.06
2018.02.02 11:04:22.850,1.53757,1.53775,1.50,2.06
2018.02.02 11:04:22.954,1.53757,1.53773,1.00,1.19
2018.02.02 11:04:24.071,1.53757,1.53771,1.00,1.19
2018.02.02 11:04:26.954,1.53755,1.53772,2.06,1.19
2018.02.02 11:04:27.690,1.53755,1.53772,1.31,1.19
2018.02.02 11:04:28.457,1.53755,1.53772,1.31,1.19
2018.02.02 11:04:29.125,1.53755,1.53772,2.06,1.19
2018.02.02 11:04:31.291,1.53755,1.53772,2.06,1.19
2018.02.02 11:04:31.829,1.53755,1.53771,2.06,1.19
2018.02.02 11:04:32.337,1.53756,1.53772,1.25,1.25
2018.02.02 11:04:32.443,1.53758,1.53772,1.00,1.25
2018.02.02 11:04:33.035,1.53757,1.53771,1.50,1.00
2018.02.02 11:04:33.572,1.53756,1.53773,1.00,1.19
2018.02.02 11:04:33.885,1.53759,1.53775,1.12,1.25
2018.02.02 11:04:34.811,1.53759,1.53776,1.50,1.19
2018.02.02 11:04:35.791,1.53759,1.53777,1.50,1.69
2018.02.02 11:04:38.287,1.5376,1.53777,1.00,1.69
2018.02.02 11:04:40.253,1.53759,1.53777,1.00,2.44
2018.02.02 11:04:41.351,1.5376,1.53777,1.00,2.44
2018.02.02 11:04:42.024,1.53762,1.53778,1.50,1.19
2018.02.02 11:04:42.335,1.53764,1.53782,1.50,1.31
2018.02.02 11:04:43.830,1.53764,1.53782,2.06,1.19
2018.02.02 11:04:47.243,1.53763,1.5378,1.12,1.19
2018.02.02 11:04:47.768,1.53761,1.53779,1.87,1.31
2018.02.02 11:04:49.731,1.53761,1.53779,1.50,1.69
2018.02.02 11:04:50.849,1.5376,1.53779,2.44,2.62
2018.02.02 11:04:51.004,1.5376,1.53777,1.00,2.62
2018.02.02 11:04:52.084,1.5376,1.53777,1.50,1.19
2018.02.02 11:04:52.239,1.53759,1.53774,1.00,1.00
2018.02.02 11:04:52.343,1.53765,1.53781,1.35,1.00
2018.02.02 11:04:52.443,1.53767,1.53781,1.00,1.00
2018.02.02 11:04:52.495,1.53767,1.53784,1.00,1.12
2018.02.02 11:04:52.902,1.53767,1.53785,1.25,1.56
2018.02.02 11:04:53.419,1.53766,1.53785,1.69,2.06
2018.02.02 11:04:53.826,1.53765,1.53785,3.04,3.00
2018.02.02 11:04:54.353,1.53765,1.53784,1.50,1.87
2018.02.02 11:04:54.896,1.53765,1.53782,1.19,1.31
2018.02.02 11:04:55.451,1.53764,1.53782,1.69,1.19
2018.02.02 11:04:56.867,1.53765,1.53784,1.19,3.37
2018.02.02 11:05:01.157,1.53765,1.53784,1.19,2.81
2018.02.02 11:05:02.798,1.53765,1.53784,1.19,2.06
2018.02.02 11:05:03.853,1.53765,1.53784,1.19,2.14
2018.02.02 11:05:04.196,1.53764,1.53784,2.44,2.51
2018.02.02 11:05:05.578,1.53765,1.53784,1.69,1.64
2018.02.02 11:05:06.081,1.53765,1.53784,1.69,1.39
2018.02.02 11:05:06.435,1.5377,1.53786,1.00,2.44
2018.02.02 11:05:06.590,1.53772,1.53789,1.00,1.31
2018.02.02 11:05:06.875,1.53773,1.53791,1.50,1.19
2018.02.02 11:05:06.978,1.53773,1.53789,1.00,1.31
2018.02.02 11:05:07.492,1.53772,1.5379,1.25,1.56
2018.02.02 11:05:07.798,1.53771,1.53787,1.19,1.31
2018.02.02 11:05:08.172,1.53768,1.53785,2.06,1.19
2018.02.02 11:05:08.224,1.53768,1.53786,1.12,1.19
2018.02.02 11:05:08.275,1.53767,1.53784,1.50,1.31
2018.02.02 11:05:08.429,1.5377,1.53787,1.00,1.69
2018.02.02 11:05:09.396,1.5377,1.5379,1.50,3.37
2018.02.02 11:05:10.576,1.5377,1.53789,1.50,2.06
2018.02.02 11:05:12.020,1.53771,1.5379,1.00,4.31
2018.02.02 11:05:12.544,1.53772,1.53789,1.00,2.06
2018.02.02 11:05:14.691,1.53771,1.53789,1.00,1.69
2018.02.02 11:05:15.218,1.53772,1.53789,1.00,1.69
2018.02.02 11:05:15.640,1.5377,1.53789,1.00,2.81
2018.02.02 11:05:16.089,1.53782,1.5379,1.00,1.00
2018.02.02 11:05:16.193,1.53793,1.53808,1.50,1.00
2018.02.02 11:05:16.775,1.53794,1.53812,1.00,2.62
2018.02.02 11:05:16.830,1.53797,1.53813,1.00,1.19
2018.02.02 11:05:16.985,1.5379,1.53808,1.31,2.06
2018.02.02 11:05:17.139,1.53788,1.53807,1.25,1.94
2018.02.02 11:05:17.688,1.53787,1.53806,2.62,2.62
2018.02.02 11:05:17.995,1.53785,1.53801,1.00,2.44
2018.02.02 11:05:19.250,1.53785,1.53799,1.00,1.50
2018.02.02 11:05:19.713,1.53783,1.538,1.50,2.25
2018.02.02 11:05:20.238,1.53782,1.53799,1.00,1.87
2018.02.02 11:05:21.057,1.53782,1.53798,1.00,2.25
2018.02.02 11:05:21.210,1.5378,1.53798,1.50,1.19
2018.02.02 11:05:21.414,1.53782,1.53798,1.00,2.44
2018.02.02 11:05:21.770,1.5378,1.53797,1.69,1.69
2018.02.02 11:05:22.195,1.53782,1.53797,1.00,1.31
2018.02.02 11:05:22.691,1.5378,1.53797,1.69,1.69
2018.02.02 11:05:23.171,1.5378,1.53797,1.69,1.19
2018.02.02 11:05:23.224,1.53782,1.53799,1.00,1.00
2018.02.02 11:05:23.292,1.53784,1.53801,1.50,1.31
2018.02.02 11:05:24.069,1.53784,1.53802,1.19,2.06
2018.02.02 11:05:24.616,1.53785,1.53803,1.25,2.06
2018.02.02 11:05:25.029,1.53787,1.53805,1.00,2.06
2018.02.02 11:05:25.134,1.53789,1.53806,1.00,1.87
2018.02.02 11:05:25.195,1.53789,1.53805,1.00,2.06
2018.02.02 11:05:25.407,1.53786,1.53802,1.00,1.19
2018.02.02 11:05:26.051,1.53786,1.53802,1.25,1.25
2018.02.02 11:05:26.623,1.53785,1.53802,1.25,1.19
2018.02.02 11:05:28.596,1.53784,1.53801,2.44,1.25
2018.02.02 11:05:28.752,1.53785,1.53801,1.69,1.19
2018.02.02 11:05:30.116,1.53785,1.53798,1.19,1.00
2018.02.02 11:05:30.169,1.5378,1.53795,1.19,1.13
2018.02.02 11:05:30.222,1.53782,1.538,1.50,1.31
2018.02.02 11:05:30.327,1.53784,1.53801,1.00,1.31
2018.02.02 11:05:30.874,1.53785,1.53802,1.00,2.06
2018.02.02 11:05:31.508,1.53785,1.53802,1.69,1.31
2018.02.02 11:05:31.673,1.53787,1.53802,1.25,1.25
2018.02.02 11:05:31.777,1.53788,1.53806,1.00,1.56
2018.02.02 11:05:32.055,1.53788,1.53804,1.25,1.44
2018.02.02 11:05:32.107,1.53788,1.53806,1.25,1.19
2018.02.02 11:05:32.261,1.53788,1.53804,1.00,1.19
2018.02.02 11:05:32.798,1.53787,1.53802,1.69,1.25
2018.02.02 11:05:33.344,1.53785,1.53802,1.25,1.19
2018.02.02 11:05:33.859,1.53785,1.53802,1.25,1.19
2018.02.02 11:05:34.390,1.53784,1.53802,1.69,1.31
2018.02.02 11:05:34.892,1.53784,1.53802,1.69,1.31
2018.02.02 11:05:35.258,1.53783,1.53802,2.44,2.25
2018.02.02 11:05:35.310,1.53783,1.53802,2.44,2.06
2018.02.02 11:05:36.487,1.53783,1.53796,1.00,1.00
2018.02.02 11:05:36.795,1.53779,1.53796,1.00,2.63
2018.02.02 11:05:37.363,1.53778,1.53795,1.00,1.13
2018.02.02 11:05:37.911,1.53777,1.53794,1.00,1.69
2018.02.02 11:05:38.480,1.53776,1.53794,1.00,2.06
2018.02.02 11:05:38.798,1.53774,1.53791,1.19,2.06
2018.02.02 11:05:38.850,1.53773,1.53791,1.25,1.69
2018.02.02 11:05:39.253,1.53772,1.5379,1.00,2.44
2018.02.02 11:05:39.563,1.5377,1.53788,1.00,2.44
2018.02.02 11:05:40.045,1.53771,1.5379,1.69,2.25
2018.02.02 11:05:40.593,1.53772,1.5379,1.00,1.31
2018.02.02 11:05:41.696,1.53772,1.5379,1.00,1.19
2018.02.02 11:05:41.970,1.5377,1.53787,1.69,2.44
2018.02.02 11:05:42.073,1.5377,1.53789,1.69,2.06
2018.02.02 11:05:42.175,1.53772,1.53789,1.19,1.69
2018.02.02 11:05:42.481,1.5377,1.53787,1.69,2.25
2018.02.02 11:05:42.532,1.53769,1.53787,1.00,2.62
2018.02.02 11:05:42.765,1.53768,1.53785,1.00,1.56
2018.02.02 11:05:42.816,1.53768,1.53784,1.00,1.25
2018.02.02 11:05:42.868,1.53769,1.53787,1.00,1.88
2018.02.02 11:05:43.377,1.53769,1.53788,1.19,1.69
2018.02.02 11:05:43.857,1.53768,1.53786,1.19,1.19
2018.02.02 11:05:44.114,1.53767,1.53786,1.19,1.56
2018.02.02 11:05:45.001,1.53767,1.53786,1.19,1.94
2018.02.02 11:05:46.482,1.53766,1.53784,2.44,1.19
2018.02.02 11:05:49.349,1.53766,1.53782,1.19,1.25
2018.02.02 11:05:49.455,1.53762,1.53779,1.19,1.69
2018.02.02 11:05:49.507,1.53762,1.53778,1.19,1.69
2018.02.02 11:05:49.892,1.53759,1.53776,1.19,1.25
2018.02.02 11:05:50.047,1.53757,1.53775,1.87,1.00
2018.02.02 11:05:50.566,1.53757,1.53774,1.69,1.25
2018.02.02 11:05:51.092,1.53758,1.53775,1.19,1.19
2018.02.02 11:05:51.691,1.53758,1.53775,1.19,1.25
2018.02.02 11:05:52.205,1.53758,1.53775,1.25,1.25
2018.02.02 11:05:52.407,1.53759,1.53776,2.44,1.00
2018.02.02 11:05:52.861,1.53759,1.53778,2.06,1.44
2018.02.02 11:05:53.269,1.5376,1.53778,1.19,1.44
2018.02.02 11:05:54.464,1.5376,1.53778,1.19,1.44
2018.02.02 11:05:58.362,1.5376,1.53778,1.19,1.19
2018.02.02 11:05:59.057,1.5376,1.53778,1.19,1.00
2018.02.02 11:05:59.702,1.5376,1.53778,1.19,1.00
2018.02.02 11:06:05.212,1.53761,1.53778,1.19,1.19
2018.02.02 11:06:06.425,1.53761,1.53778,1.19,1.00
2018.02.02 11:06:07.963,1.53761,1.53778,1.19,1.19
2018.02.02 11:06:08.935,1.53761,1.53778,1.00,1.19
2018.02.02 11:06:10.020,1.53761,1.53778,1.19,1.19
2018.02.02 11:06:13.055,1.53761,1.53778,1.19,1.19
2018.02.02 11:06:13.586,1.53761,1.53778,1.19,1.19
2018.02.02 11:06:14.617,1.53758,1.53778,3.00,2.06
2018.02.02 11:06:14.705,1.53758,1.53777,3.00,1.62
2018.02.02 11:06:14.761,1.53758,1.53774,1.25,1.00
2018.02.02 11:06:15.071,1.53758,1.53774,1.19,1.00
2018.02.02 11:06:15.603,1.53758,1.53774,1.19,1.12
2018.02.02 11:06:16.115,1.53758,1.53774,1.25,1.12
2018.02.02 11:06:16.549,1.53757,1.53774,1.69,1.31
2018.02.02 11:06:17.095,1.53756,1.53774,1.25,1.31
2018.02.02 11:06:18.551,1.53757,1.53774,1.19,1.19
2018.02.02 11:06:18.912,1.53757,1.53775,1.19,2.81
2018.02.02 11:06:19.252,1.53757,1.53775,1.19,2.44
2018.02.02 11:06:21.031,1.53759,1.53775,1.25,1.69
2018.02.02 11:06:21.084,1.53759,1.53775,1.19,1.69
2018.02.02 11:06:21.665,1.53759,1.53777,1.19,1.19
2018.02.02 11:06:22.916,1.5376,1.53777,1.19,1.19
2018.02.02 11:06:23.326,1.53756,1.53772,2.44,1.44
2018.02.02 11:06:23.483,1.53754,1.53769,1.25,1.69
2018.02.02 11:06:23.536,1.53752,1.53768,1.25,1.44
2018.02.02 11:06:23.866,1.53749,1.53764,1.31,1.25
2018.02.02 11:06:24.398,1.53749,1.53765,1.25,1.50
2018.02.02 11:06:25.079,1.53749,1.53765,1.00,1.69
2018.02.02 11:06:25.621,1.53748,1.53764,1.25,1.25
2018.02.02 11:06:27.250,1.53748,1.53765,1.25,1.25
2018.02.02 11:06:28.575,1.53749,1.53765,1.00,1.25
2018.02.02 11:06:28.679,1.53752,1.53766,1.00,1.00
2018.02.02 11:06:28.782,1.53752,1.53768,1.12,1.00
2018.02.02 11:06:29.180,1.53754,1.5377,1.00,1.25
2018.02.02 11:06:29.698,1.53753,1.53771,1.69,1.00
2018.02.02 11:06:30.037,1.53752,1.53769,1.00,2.06
2018.02.02 11:06:30.614,1.53751,1.53767,1.25,1.19
2018.02.02 11:06:30.771,1.53747,1.53764,1.69,1.44
2018.02.02 11:06:30.823,1.53747,1.53761,1.69,1.00
2018.02.02 11:06:31.540,1.53745,1.53762,1.87,1.00
2018.02.02 11:06:31.840,1.53744,1.5376,2.06,1.00
2018.02.02 11:06:32.372,1.53745,1.53761,1.00,1.25
2018.02.02 11:06:32.817,1.53746,1.53763,1.00,1.00
2018.02.02 11:06:32.869,1.53748,1.53764,1.00,1.00
2018.02.02 11:06:33.407,1.53748,1.53764,1.00,1.19
2018.02.02 11:06:34.405,1.53747,1.53761,1.25,1.25
2018.02.02 11:06:34.509,1.53744,1.53761,1.00,1.25
2018.02.02 11:06:34.561,1.53747,1.53765,1.00,1.19
2018.02.02 11:06:35.004,1.53749,1.53766,1.00,1.69
2018.02.02 11:06:35.211,1.53749,1.53766,2.00,1.25
2018.02.02 11:06:35.722,1.53755,1.5377,1.00,1.00
2018.02.02 11:06:35.824,1.53758,1.53774,1.00,1.25
2018.02.02 11:06:35.953,1.53756,1.53774,1.00,1.12
2018.02.02 11:06:36.413,1.53756,1.53772,1.25,1.00
2018.02.02 11:06:37.839,1.53757,1.53775,1.69,2.06
2018.02.02 11:06:38.353,1.53757,1.53775,2.06,1.31
2018.02.02 11:06:38.412,1.53757,1.53775,2.06,1.19
2018.02.02 11:06:38.937,1.53758,1.53777,1.50,1.19
2018.02.02 11:06:39.854,1.53759,1.53776,1.19,1.25
2018.02.02 11:06:40.011,1.53764,1.5378,1.00,1.00
2018.02.02 11:06:40.318,1.53767,1.53784,1.00,1.19
2018.02.02 11:06:40.851,1.53766,1.53786,1.69,2.06
2018.02.02 11:06:41.157,1.53774,1.53793,1.00,3.19
2018.02.02 11:06:42.223,1.53773,1.53791,1.31,1.69
2018.02.02 11:06:42.593,1.5377,1.53789,1.19,3.94
2018.02.02 11:06:42.646,1.53773,1.53789,1.12,2.06
2018.02.02 11:06:42.699,1.53775,1.53794,1.00,1.19
2018.02.02 11:06:43.030,1.53777,1.53795,1.00,2.63
2018.02.02 11:06:44.017,1.53775,1.53794,1.19,1.19
2018.02.02 11:06:44.552,1.53775,1.53794,1.19,1.19
2018.02.02 11:06:45.163,1.53775,1.53794,1.44,1.19
2018.02.02 11:06:46.286,1.53775,1.53794,1.44,1.19
2018.02.02 11:06:46.790,1.53774,1.53794,1.87,1.25
2018.02.02 11:06:47.333,1.53776,1.53795,1.44,1.50
2018.02.02 11:06:47.898,1.53776,1.53794,1.44,1.19
2018.02.02 11:06:49.873,1.53776,1.53795,1.19,1.69
2018.02.02 11:06:49.979,1.53778,1.53795,1.00,1.50
2018.02.02 11:06:50.120,1.53775,1.53795,1.12,2.44
2018.02.02 11:06:50.640,1.53777,1.53793,1.00,1.00
2018.02.02 11:06:51.062,1.53775,1.53793,1.25,1.19
2018.02.02 11:06:51.113,1.53774,1.53791,2.06,1.19
2018.02.02 11:06:51.618,1.53776,1.53793,1.00,1.31
2018.02.02 11:06:51.952,1.53781,1.53796,1.00,1.12
2018.02.02 11:06:52.480,1.53779,1.53796,1.00,1.12
2018.02.02 11:06:52.980,1.53781,1.53796,1.00,1.12
2018.02.02 11:06:53.031,1.5378,1.53798,1.00,1.19
2018.02.02 11:06:53.674,1.53778,1.53797,3.00,1.25
2018.02.02 11:06:54.201,1.53778,1.53797,2.25,1.25
2018.02.02 11:06:54.304,1.5378,1.53797,1.00,1.25
2018.02.02 11:06:54.633,1.53784,1.53801,1.00,1.00
2018.02.02 11:06:55.147,1.53784,1.53802,1.31,1.25
2018.02.02 11:06:55.694,1.53784,1.53802,1.63,1.25
2018.02.02 11:06:56.233,1.53783,1.538,1.44,1.00
2018.02.02 11:06:56.776,1.53783,1.538,1.44,1.00
2018.02.02 11:06:56.983,1.53782,1.538,1.31,1.00
2018.02.02 11:06:57.355,1.53781,1.538,1.12,1.38
2018.02.02 11:06:57.859,1.53779,1.53796,1.87,1.88
2018.02.02 11:06:58.171,1.53778,1.53794,1.19,1.38
2018.02.02 11:06:58.275,1.53777,1.53792,1.87,1.00
2018.02.02 11:06:58.817,1.53777,1.53792,1.19,1.69
2018.02.02 11:06:58.870,1.53773,1.53791,1.87,2.06
2018.02.02 11:06:58.980,1.53773,1.5379,1.50,1.19
2018.02.02 11:06:59.085,1.53769,1.53786,1.25,1.00
2018.02.02 11:06:59.614,1.53771,1.53786,1.00,1.00
2018.02.02 11:06:59.938,1.53769,1.53786,1.25,1.00
2018.02.02 11:07:00.042,1.53771,1.53785,1.00,1.00
2018.02.02 11:07:00.094,1.53768,1.53785,1.50,1.00
2018.02.02 11:07:00.453,1.5377,1.53785,1.00,1.12
2018.02.02 11:07:00.816,1.53768,1.53786,1.50,1.56
2018.02.02 11:07:02.010,1.53768,1.53785,1.00,1.56
2018.02.02 11:07:02.165,1.53766,1.53784,1.69,1.31
2018.02.02 11:07:03.222,1.53766,1.53782,2.06,1.00
2018.02.02 11:07:03.274,1.53768,1.53782,1.00,1.00
2018.02.02 11:07:03.433,1.53768,1.53785,1.12,1.19
2018.02.02 11:07:03.966,1.53768,1.53785,1.69,1.19
2018.02.02 11:07:04.480,1.53768,1.53783,1.69,1.00
2018.02.02 11:07:05.235,1.53768,1.53785,1.87,1.19
2018.02.02 11:07:05.633,1.5377,1.53787,1.00,2.06
2018.02.02 11:07:06.272,1.5377,1.53788,1.00,1.56
2018.02.02 11:07:08.148,1.5377,1.53788,1.25,1.13
2018.02.02 11:07:08.330,1.5377,1.53787,1.00,1.19
2018.02.02 11:07:08.851,1.53768,1.53787,1.87,1.31
2018.02.02 11:07:09.007,1.53762,1.53783,1.50,1.69
2018.02.02 11:07:09.540,1.53761,1.53781,2.81,1.19
2018.02.02 11:07:09.919,1.53765,1.53781,1.00,1.31
2018.02.02 11:07:10.023,1.5377,1.53788,1.00,1.31
2018.02.02 11:07:11.014,1.53769,1.53786,2.06,1.00
2018.02.02 11:07:11.653,1.53769,1.53786,1.00,1.63
2018.02.02 11:07:12.548,1.53769,1.53786,1.00,2.00
2018.02.02 11:07:12.843,1.53767,1.53786,1.25,2.00
2018.02.02 11:07:13.837,1.53767,1.53785,1.69,1.00
2018.02.02 11:07:14.402,1.53767,1.53785,1.00,1.00
2018.02.02 11:07:14.831,1.53767,1.53783,1.00,1.00
2018.02.02 11:07:15.933,1.53765,1.53783,1.19,1.25
2018.02.02 11:07:16.138,1.53762,1.5378,1.31,1.12
2018.02.02 11:07:16.399,1.53762,1.53778,1.31,1.12
2018.02.02 11:07:17.258,1.53764,1.5378,1.12,1.12
2018.02.02 11:07:17.309,1.53766,1.53783,1.00,1.00
2018.02.02 11:07:17.361,1.53768,1.53786,1.25,1.81
2018.02.02 11:07:17.891,1.53768,1.53786,1.25,1.31
2018.02.02 11:07:18.401,1.53768,1.53783,1.00,1.00
2018.02.02 11:07:19.166,1.53766,1.53783,1.25,1.00
2018.02.02 11:07:21.940,1.53768,1.53783,1.00,1.00
2018.02.02 11:07:21.991,1.53768,1.53786,1.00,1.62
2018.02.02 11:07:22.702,1.53768,1.53786,1.50,1.62
2018.02.02 11:07:23.354,1.53768,1.53786,1.50,1.31
2018.02.02 11:07:23.917,1.53768,1.53786,1.12,1.31
2018.02.02 11:07:24.419,1.53768,1.53786,1.75,1.25
2018.02.02 11:07:24.940,1.5377,1.53786,1.50,1.25
2018.02.02 11:07:25.239,1.53769,1.53786,1.12,1.25
2018.02.02 11:07:28.099,1.53769,1.53786,1.87,1.37
2018.02.02 11:07:28.608,1.53767,1.53784,2.25,1.31
2018.02.02 11:07:28.660,1.53767,1.53784,1.00,1.50
2018.02.02 11:07:29.202,1.53767,1.53782,1.00,1.00
2018.02.02 11:07:29.785,1.53765,1.53781,1.12,1.25
2018.02.02 11:07:29.838,1.53762,1.53781,4.50,2.63
2018.02.02 11:07:29.890,1.53762,1.53777,1.00,1.37
2018.02.02 11:07:30.431,1.53761,1.53777,1.12,1.00
2018.02.02 11:07:31.656,1.53761,1.53777,1.00,1.37
2018.02.02 11:07:31.761,1.53762,1.53779,1.00,1.19
2018.02.02 11:07:31.814,1.53763,1.53781,1.00,1.50
2018.02.02 11:07:32.387,1.53763,1.53782,1.25,1.81
2018.02.02 11:07:32.987,1.53763,1.53782,1.25,1.50
2018.02.02 11:07:33.916,1.53763,1.53782,1.00,2.25
2018.02.02 11:07:34.497,1.53764,1.53782,1.00,1.50
2018.02.02 11:07:35.046,1.53764,1.53782,1.00,1.63
2018.02.02 11:07:35.589,1.53764,1.53782,1.00,1.63
2018.02.02 11:07:36.111,1.53764,1.53782,1.00,1.31
2018.02.02 11:07:36.365,1.53762,1.53781,2.44,1.69
2018.02.02 11:07:36.417,1.53762,1.53781,2.06,1.69
2018.02.02 11:07:37.100,1.53762,1.53779,2.44,1.12
2018.02.02 11:07:37.203,1.53762,1.53781,2.81,1.31
2018.02.02 11:07:37.738,1.53762,1.53781,2.62,1.25
2018.02.02 11:07:38.244,1.53763,1.53781,1.00,1.25
2018.02.02 11:07:38.347,1.53762,1.53781,2.44,1.25
2018.02.02 11:07:40.055,1.53764,1.53781,1.00,1.00
2018.02.02 11:07:40.636,1.53764,1.53782,1.00,1.25
2018.02.02 11:07:45.554,1.53764,1.53781,1.00,1.31
2018.02.02 11:07:45.867,1.53759,1.53777,1.12,1.50
2018.02.02 11:07:46.455,1.53758,1.53775,2.44,1.00
2018.02.02 11:07:46.972,1.53758,1.53776,1.69,1.25
2018.02.02 11:07:47.766,1.53758,1.53776,1.87,1.25
2018.02.02 11:07:48.448,1.53758,1.53776,1.69,1.19
2018.02.02 11:07:49.917,1.53758,1.53776,1.69,1.25
2018.02.02 11:07:50.211,1.53757,1.53775,1.25,1.69
2018.02.02 11:07:50.980,1.53757,1.53775,1.44,1.69
2018.02.02 11:07:51.459,1.53755,1.53773,1.44,1.56
2018.02.02 11:07:51.512,1.53753,1.5377,1.00,2.25
2018.02.02 11:07:51.617,1.53751,1.53767,1.13,1.00
2018.02.02 11:07:52.189,1.53751,1.53769,1.00,1.19
2018.02.02 11:07:54.163,1.53753,1.5377,1.00,1.19
2018.02.02 11:07:55.042,1.53753,1.53771,1.88,1.25
2018.02.02 11:07:55.093,1.53756,1.53772,1.00,1.31
2018.02.02 11:07:55.145,1.53756,1.53773,1.00,1.25
2018.02.02 11:07:55.327,1.53758,1.53773,1.00,1.00
2018.02.02 11:07:55.841,1.53757,1.53774,1.25,1.19
2018.02.02 11:07:57.106,1.53757,1.53774,1.44,1.25
2018.02.02 11:07:58.242,1.53754,1.53769,1.00,1.44
2018.02.02 11:07:58.401,1.53752,1.53767,1.00,1.25
2018.02.02 11:07:58.557,1.53753,1.5377,1.00,1.69
2018.02.02 11:07:58.712,1.53748,1.53765,1.69,1.19
2018.02.02 11:07:58.869,1.53744,1.53761,1.19,1.00
2018.02.02 11:07:58.921,1.53743,1.53761,1.19,1.69
2018.02.02 11:07:59.231,1.53739,1.53757,2.25,1.00
2018.02.02 11:07:59.335,1.5374,1.53755,1.00,1.00
2018.02.02 11:07:59.652,1.5374,1.53757,1.69,1.25
2018.02.02 11:07:59.806,1.53742,1.53759,1.00,1.19
2018.02.02 11:07:59.858,1.5374,1.53757,1.31,1.00
2018.02.02 11:07:59.912,1.53738,1.53756,1.00,1.50
2018.02.02 11:07:59.965,1.53738,1.53754,1.00,1.00
2018.02.02 11:08:00.123,1.53739,1.53757,1.00,1.19
2018.02.02 11:08:00.668,1.53741,1.53757,1.00,1.19
2018.02.02 11:08:01.204,1.53741,1.53758,1.31,1.19
2018.02.02 11:08:01.510,1.53737,1.53751,2.62,1.25
2018.02.02 11:08:01.561,1.53737,1.53755,3.37,1.37
2018.02.02 11:08:01.612,1.5374,1.53756,1.00,1.69
2018.02.02 11:08:01.766,1.53744,1.53762,1.00,1.19
2018.02.02 11:08:02.151,1.53741,1.53761,1.50,1.88
2018.02.02 11:08:02.304,1.53738,1.53756,1.69,1.25
2018.02.02 11:08:02.355,1.53736,1.53754,1.19,1.69
2018.02.02 11:08:02.713,1.53734,1.53753,1.87,1.25
2018.02.02 11:08:03.021,1.53733,1.53749,1.25,1.00
2018.02.02 11:08:03.073,1.53733,1.53751,1.25,1.25
2018.02.02 11:08:03.227,1.53733,1.53752,1.00,1.63
2018.02.02 11:08:03.941,1.53739,1.53753,1.00,1.00
2018.02.02 11:08:04.044,1.53739,1.53756,1.00,1.00
2018.02.02 11:08:04.095,1.53736,1.53755,2.44,1.19
2018.02.02 11:08:04.198,1.53735,1.53753,1.25,1.13
2018.02.02 11:08:04.708,1.53735,1.53752,1.12,1.00
2018.02.02 11:08:05.374,1.53736,1.53752,1.00,1.00
2018.02.02 11:08:05.900,1.53738,1.53753,1.00,1.00
2018.02.02 11:08:06.004,1.53738,1.53755,1.00,1.00
2018.02.02 11:08:07.579,1.5374,1.53756,1.00,1.00
2018.02.02 11:08:07.684,1.53741,1.53758,1.31,1.00
2018.02.02 11:08:07.817,1.53743,1.53758,1.00,1.00
2018.02.02 11:08:07.869,1.53743,1.5376,1.12,1.25
2018.02.02 11:08:09.141,1.53744,1.5376,1.00,1.00
2018.02.02 11:08:09.732,1.53744,1.53763,1.81,1.00
2018.02.02 11:08:09.835,1.53751,1.53768,1.00,1.00
2018.02.02 11:08:10.349,1.5375,1.53768,1.12,1.25
2018.02.02 11:08:10.866,1.5375,1.53767,1.13,1.00
2018.02.02 11:08:11.391,1.53751,1.53769,1.12,1.69
2018.02.02 11:08:11.985,1.53751,1.53769,1.31,1.69
2018.02.02 11:08:12.544,1.53751,1.53769,1.25,1.69
2018.02.02 11:08:12.880,1.53751,1.53767,1.25,1.50
2018.02.02 11:08:12.983,1.53748,1.53765,1.00,1.50
2018.02.02 11:08:13.085,1.53746,1.53763,1.25,1.19
2018.02.02 11:08:13.488,1.53743,1.53759,1.69,1.00
2018.02.02 11:08:13.644,1.53745,1.53762,1.00,1.25
2018.02.02 11:08:14.482,1.53746,1.53762,1.00,1.25
2018.02.02 11:08:15.011,1.53746,1.53763,1.25,1.25
2018.02.02 11:08:15.551,1.53745,1.53761,1.12,1.00
2018.02.02 11:08:16.083,1.53743,1.53761,1.13,1.00
2018.02.02 11:08:16.648,1.53742,1.53761,1.25,2.44
2018.02.02 11:08:17.197,1.53743,1.53759,1.00,1.00
2018.02.02 11:08:17.744,1.53743,1.53761,1.00,1.69
2018.02.02 11:08:18.262,1.53744,1.53761,1.00,1.69
2018.02.02 11:08:18.860,1.53744,1.53761,1.00,1.69
2018.02.02 11:08:19.316,1.53742,1.53759,1.25,1.25
2018.02.02 11:08:19.419,1.53742,1.53758,1.25,1.19
2018.02.02 11:08:20.784,1.53742,1.53758,1.25,1.25
2018.02.02 11:08:21.624,1.53744,1.53761,1.00,1.19
2018.02.02 11:08:24.163,1.53745,1.53762,1.00,1.19
2018.02.02 11:08:26.695,1.53746,1.53762,1.00,1.19
2018.02.02 11:08:26.853,1.53748,1.53766,1.00,2.81
2018.02.02 11:08:26.905,1.5375,1.53766,1.00,2.06
2018.02.02 11:08:27.009,1.53752,1.53767,1.00,1.25
2018.02.02 11:08:27.532,1.53753,1.5377,1.00,1.56
2018.02.02 11:08:28.241,1.53754,1.53769,1.00,1.31
2018.02.02 11:08:28.293,1.53755,1.53772,1.00,3.00
2018.02.02 11:08:28.345,1.53758,1.53775,1.00,1.31
2018.02.02 11:08:28.397,1.53761,1.53776,1.00,1.69
2018.02.02 11:08:28.450,1.53759,1.53777,1.12,1.19
2018.02.02 11:08:29.490,1.53759,1.53777,1.00,1.00
2018.02.02 11:08:29.542,1.53759,1.53778,1.00,3.00
2018.02.02 11:08:30.657,1.53759,1.53778,1.00,3.38
2018.02.02 11:08:31.169,1.53758,1.53777,1.00,1.00
2018.02.02 11:08:31.595,1.53757,1.53776,1.25,2.06
2018.02.02 11:08:31.905,1.53763,1.53779,1.00,1.25
2018.02.02 11:08:32.420,1.53762,1.53781,1.00,2.44
2018.02.02 11:08:32.971,1.53761,1.53779,1.00,2.06
2018.02.02 11:08:33.023,1.53759,1.53778,1.25,1.25
2018.02.02 11:08:33.923,1.53759,1.53774,1.00,1.19
2018.02.02 11:08:34.028,1.53755,1.53774,1.00,2.44
2018.02.02 11:08:34.081,1.53756,1.53772,1.00,1.25
2018.02.02 11:08:34.628,1.53756,1.53775,1.00,2.06
2018.02.02 11:08:34.943,1.53755,1.53774,1.00,2.81
2018.02.02 11:08:34.995,1.53753,1.53772,1.12,1.19
2018.02.02 11:08:35.510,1.53752,1.5377,1.00,1.31
2018.02.02 11:08:36.132,1.53752,1.5377,1.00,1.31
2018.02.02 11:08:40.029,1.53751,1.53771,1.50,3.56
2018.02.02 11:08:42.542,1.5375,1.53768,1.00,3.00
2018.02.02 11:08:42.856,1.53742,1.53758,1.00,1.69
2018.02.02 11:08:43.131,1.53746,1.53762,1.00,1.00
2018.02.02 11:08:43.642,1.53747,1.53763,1.00,1.25
2018.02.02 11:08:46.024,1.53747,1.53762,1.00,1.00
2018.02.02 11:08:46.822,1.53747,1.53763,1.00,1.00
2018.02.02 11:08:47.998,1.53746,1.53763,1.00,1.00
2018.02.02 11:08:48.534,1.53746,1.53762,1.00,1.00
2018.02.02 11:08:49.569,1.53745,1.53762,1.00,2.25
2018.02.02 11:08:50.801,1.53745,1.53761,1.00,1.25
2018.02.02 11:08:54.245,1.53745,1.53762,1.00,1.25
2018.02.02 11:08:55.210,1.53746,1.53762,1.00,1.25
2018.02.02 11:08:56.636,1.53743,1.53759,1.00,1.19
2018.02.02 11:08:56.979,1.53738,1.53756,1.00,2.44
2018.02.02 11:08:57.285,1.53738,1.53754,1.00,1.31
2018.02.02 11:08:57.835,1.53737,1.53753,1.00,1.19
2018.02.02 11:08:57.990,1.53733,1.5375,1.00,1.69
2018.02.02 11:08:58.095,1.53735,1.5375,1.00,1.19
2018.02.02 11:08:58.252,1.53732,1.53751,1.00,2.25
2018.02.02 11:08:58.304,1.5373,1.53747,1.00,1.69
2018.02.02 11:08:58.651,1.53729,1.53746,1.00,1.56
2018.02.02 11:09:00.491,1.5373,1.53745,1.00,1.56
2018.02.02 11:09:00.695,1.53735,1.53747,1.00,1.00
2018.02.02 11:09:00.882,1.53735,1.53752,1.00,1.19
2018.02.02 11:09:01.662,1.53741,1.53754,1.00,1.25
2018.02.02 11:09:01.713,1.53738,1.53754,1.00,1.25
2018.02.02 11:09:02.225,1.53737,1.53754,1.00,1.31
2018.02.02 11:09:02.505,1.5374,1.53755,1.00,1.25
2018.02.02 11:09:02.558,1.53741,1.53757,1.00,1.50
2018.02.02 11:09:02.662,1.53743,1.5376,1.00,1.19
2018.02.02 11:09:02.765,1.53741,1.53758,1.00,1.25
2018.02.02 11:09:02.892,1.53739,1.53757,1.00,1.19
2018.02.02 11:09:03.368,1.53745,1.53757,1.00,1.25
2018.02.02 11:09:03.421,1.53745,1.5376,1.00,1.00
2018.02.02 11:09:03.627,1.53748,1.53761,1.00,1.00
2018.02.02 11:09:03.846,1.53751,1.53768,1.00,1.25
2018.02.02 11:09:03.899,1.53749,1.53767,1.00,1.00
2018.02.02 11:09:04.056,1.53751,1.53767,1.00,1.00
2018.02.02 11:09:04.212,1.53754,1.53771,1.00,1.50
2018.02.02 11:09:04.715,1.53755,1.53772,1.25,1.00
2018.02.02 11:09:04.987,1.53753,1.53769,1.25,1.25
2018.02.02 11:09:05.040,1.53749,1.53767,1.50,1.00
2018.02.02 11:09:05.092,1.53747,1.53764,1.00,1.25
2018.02.02 11:09:05.594,1.53747,1.53763,1.00,1.00
2018.02.02 11:09:06.121,1.53746,1.53763,1.00,1.00
2018.02.02 11:09:10.050,1.53747,1.53764,1.00,1.00
2018.02.02 11:09:12.057,1.53745,1.53763,1.31,1.00
2018.02.02 11:09:13.600,1.53744,1.53762,1.87,1.00
2018.02.02 11:09:14.116,1.53744,1.53762,1.44,1.50
2018.02.02 11:09:14.723,1.53744,1.53761,1.31,1.00
2018.02.02 11:09:15.451,1.53744,1.53761,1.25,1.31
2018.02.02 11:09:15.862,1.53746,1.53762,1.19,1.12
2018.02.02 11:09:15.968,1.53748,1.53764,1.00,1.00
2018.02.02 11:09:16.020,1.53748,1.53767,1.00,2.81
2018.02.02 11:09:16.125,1.5375,1.53767,1.00,1.31
2018.02.02 11:09:16.700,1.5375,1.53764,1.00,1.00
2018.02.02 11:09:17.803,1.53748,1.53764,1.00,1.00
2018.02.02 11:09:18.282,1.53745,1.53763,1.25,1.00
2018.02.02 11:09:18.797,1.53745,1.53762,1.12,1.00
2018.02.02 11:09:18.850,1.53747,1.53764,1.00,1.00
2018.02.02 11:09:19.366,1.53747,1.53765,1.00,1.25
2018.02.02 11:09:19.911,1.53747,1.53766,1.69,1.88
2018.02.02 11:09:21.020,1.53748,1.53766,1.19,1.44
2018.02.02 11:09:21.722,1.53748,1.53766,1.25,1.19
2018.02.02 11:09:22.242,1.53748,1.53764,1.00,1.00
2018.02.02 11:09:23.687,1.53747,1.53766,1.00,2.63
2018.02.02 11:09:24.003,1.53746,1.53763,1.00,2.06
2018.02.02 11:09:24.297,1.53748,1.53764,1.00,1.69
2018.02.02 11:09:24.809,1.53748,1.53765,1.00,1.19
2018.02.02 11:09:25.872,1.53748,1.53765,1.00,1.19
2018.02.02 11:09:26.968,1.53746,1.53765,1.19,1.19
2018.02.02 11:09:28.690,1.53746,1.53765,1.50,1.13
2018.02.02 11:09:30.107,1.53746,1.53764,1.19,1.25
2018.02.02 11:09:32.422,1.53749,1.53768,1.00,2.06
2018.02.02 11:09:32.474,1.5375,1.53769,1.25,1.00
2018.02.02 11:09:32.720,1.53748,1.53767,3.37,1.00
2018.02.02 11:09:33.286,1.53748,1.53768,1.62,1.00
2018.02.02 11:09:33.929,1.53748,1.53768,1.50,1.25
2018.02.02 11:09:35.816,1.53749,1.53767,1.00,1.00
2018.02.02 11:09:38.169,1.53748,1.53767,2.62,1.19
2018.02.02 11:09:39.995,1.53748,1.53766,1.25,1.25
2018.02.02 11:09:41.036,1.53746,1.53762,1.69,1.00
2018.02.02 11:09:41.089,1.53744,1.53761,1.12,1.25
2018.02.02 11:09:41.192,1.53742,1.53761,1.12,1.25
2018.02.02 11:09:42.068,1.5374,1.53758,1.31,1.25
2018.02.02 11:09:42.376,1.53739,1.53757,1.00,1.19
2018.02.02 11:09:42.882,1.53737,1.53756,2.62,1.25
2018.02.02 11:09:43.398,1.53737,1.53755,1.25,1.13
2018.02.02 11:09:46.737,1.53737,1.53756,2.25,1.63
2018.02.02 11:09:46.890,1.53741,1.5376,1.69,1.25
2018.02.02 11:09:46.942,1.53743,1.53761,1.12,1.69
2018.02.02 11:09:47.068,1.5374,1.5376,1.50,1.56
2018.02.02 11:09:47.172,1.53742,1.53761,1.00,4.13
2018.02.02 11:09:47.818,1.53742,1.53761,1.87,1.19
2018.02.02 11:09:48.695,1.53742,1.53761,2.25,1.69
2018.02.02 11:09:49.386,1.53743,1.53761,1.00,1.69
2018.02.02 11:09:49.925,1.53744,1.53763,1.69,2.44
2018.02.02 11:09:50.365,1.53744,1.53763,2.06,2.44
2018.02.02 11:09:52.515,1.53743,1.53761,1.19,1.00
2018.02.02 11:09:53.103,1.53743,1.53761,1.25,1.00
2018.02.02 11:09:53.651,1.53743,1.53763,2.44,3.38
2018.02.02 11:09:53.962,1.53746,1.53755,1.00,1.00
2018.02.02 11:09:54.015,1.53741,1.53756,1.00,1.25
2018.02.02 11:09:54.074,1.53739,1.53754,1.19,1.00
2018.02.02 11:09:54.127,1.5374,1.53759,1.87,2.44
2018.02.02 11:09:54.179,1.53742,1.53759,1.00,1.69
2018.02.02 11:09:54.950,1.53742,1.53759,1.19,1.19
2018.02.02 11:09:55.260,1.53742,1.53759,1.19,1.00
2018.02.02 11:09:55.986,1.53742,1.53759,1.19,1.00
2018.02.02 11:09:56.142,1.53744,1.53763,2.06,1.88
2018.02.02 11:09:56.195,1.53744,1.53761,1.31,1.00
2018.02.02 11:09:56.803,1.53743,1.53761,1.25,1.00
2018.02.02 11:09:57.109,1.53745,1.53763,1.87,1.19
2018.02.02 11:09:57.619,1.53746,1.53764,1.00,1.19
2018.02.02 11:09:58.153,1.53745,1.53764,1.69,2.44
2018.02.02 11:10:01.074,1.53743,1.53761,1.19,1.00
2018.02.02 11:10:01.592,1.53744,1.53763,1.31,2.44
2018.02.02 11:10:02.199,1.53744,1.53763,1.69,2.44
2018.02.02 11:10:03.482,1.53745,1.53763,1.00,1.69
2018.02.02 11:10:04.008,1.53745,1.53761,1.00,1.00
2018.02.02 11:10:04.060,1.53742,1.53761,2.44,1.13
2018.02.02 11:10:04.587,1.53742,1.53761,1.12,1.88
2018.02.02 11:10:04.869,1.53739,1.53757,2.44,1.00
2018.02.02 11:10:05.395,1.5374,1.53758,2.62,1.00
2018.02.02 11:10:05.990,1.5374,1.53758,2.44,1.00
2018.02.02 11:10:06.559,1.5374,1.5376,2.62,1.69
2018.02.02 11:10:07.846,1.5374,1.5376,2.06,1.69
2018.02.02 11:10:08.572,1.5374,1.5376,2.25,1.50
2018.02.02 11:10:08.624,1.5374,1.5376,2.63,1.50
2018.02.02 11:10:09.160,1.53741,1.5376,1.00,1.50
2018.02.02 11:10:09.681,1.53741,1.5376,1.31,1.69
2018.02.02 11:10:10.165,1.53742,1.53761,1.87,1.25
2018.02.02 11:10:10.735,1.53742,1.53759,1.00,1.00
2018.02.02 11:10:11.114,1.53734,1.53752,1.25,1.25
2018.02.02 11:10:11.217,1.53734,1.53752,1.31,1.69
2018.02.02 11:10:11.756,1.53735,1.53752,1.69,1.19
2018.02.02 11:10:11.808,1.53737,1.53755,1.00,1.69
2018.02.02 11:10:11.860,1.53741,1.53756,1.00,1.00
2018.02.02 11:10:11.963,1.53742,1.5376,1.00,1.19
2018.02.02 11:10:12.015,1.53745,1.53764,1.00,3.00
2018.02.02 11:10:13.083,1.53745,1.53762,1.25,1.19
2018.02.02 11:10:13.186,1.53739,1.53758,1.87,2.44
2018.02.02 11:10:13.240,1.53739,1.53756,1.12,1.00
2018.02.02 11:10:14.188,1.53737,1.53755,1.19,1.19
2018.02.02 11:10:14.724,1.53736,1.53753,1.69,1.00
2018.02.02 11:10:16.214,1.53736,1.53753,1.19,1.00
2018.02.02 11:10:17.252,1.53736,1.53753,1.25,1.00
2018.02.02 11:10:18.387,1.53735,1.53753,1.50,3.00
2018.02.02 11:10:18.440,1.53733,1.5375,3.19,1.00
2018.02.02 11:10:18.494,1.53731,1.53749,1.69,1.19
2018.02.02 11:10:19.059,1.5373,1.53748,2.06,1.25
2018.02.02 11:10:19.161,1.5373,1.53748,1.31,1.25
2018.02.02 11:10:19.948,1.5373,1.53748,1.50,1.19
2018.02.02 11:10:20.477,1.5373,1.53748,2.06,1.25
2018.02.02 11:10:21.006,1.53731,1.53748,1.00,1.25
2018.02.02 11:10:21.109,1.53731,1.5375,1.62,1.44
2018.02.02 11:10:22.161,1.53732,1.5375,2.81,1.00
2018.02.02 11:10:22.213,1.53735,1.53752,1.62,1.00
2018.02.02 11:10:22.266,1.53739,1.53756,1.00,2.63
2018.02.02 11:10:22.370,1.53738,1.53757,2.06,1.31
2018.02.02 11:10:23.055,1.53738,1.53757,2.06,1.13
2018.02.02 11:10:23.562,1.53736,1.53756,3.00,1.50
2018.02.02 11:10:24.098,1.53737,1.53756,1.12,1.50
2018.02.02 11:10:25.033,1.53736,1.53756,2.62,1.50
2018.02.02 11:10:25.190,1.53736,1.53752,2.25,1.00
2018.02.02 11:10:25.502,1.53731,1.53745,1.00,1.00
2018.02.02 11:10:25.657,1.53727,1.53745,1.94,1.00
2018.02.02 11:10:25.966,1.53731,1.53749,1.00,1.88
2018.02.02 11:10:26.329,1.53728,1.53747,2.25,1.13
2018.02.02 11:10:26.486,1.53727,1.53745,1.31,1.00
2018.02.02 11:10:26.645,1.53723,1.53742,1.87,1.25
2018.02.02 11:10:26.699,1.53725,1.53744,2.06,2.81
2018.02.02 11:10:27.211,1.53726,1.53744,1.00,1.88
2018.02.02 11:10:27.943,1.53726,1.53744,1.00,1.69
2018.02.02 11:10:28.450,1.53726,1.53744,1.00,1.69
2018.02.02 11:10:29.093,1.53726,1.53743,1.50,1.00
2018.02.02 11:10:29.769,1.53727,1.53743,1.00,1.00
2018.02.02 11:10:30.121,1.53723,1.53741,1.87,1.00
2018.02.02 11:10:30.174,1.53723,1.53743,3.00,1.69
2018.02.02 11:10:30.704,1.53726,1.53743,1.25,1.00
2018.02.02 11:10:31.314,1.53727,1.53744,1.00,1.00
2018.02.02 11:10:32.729,1.53727,1.53743,1.00,1.00
2018.02.02 11:10:32.832,1.53724,1.53742,2.63,1.25
2018.02.02 11:10:33.346,1.53724,1.53742,1.37,1.25
2018.02.02 11:10:33.857,1.53724,1.53742,1.37,1.25
2018.02.02 11:10:34.626,1.53724,1.53742,1.37,1.25
2018.02.02 11:10:35.366,1.53724,1.53741,1.00,1.00
2018.02.02 11:10:36.246,1.53724,1.53742,1.31,1.00
2018.02.02 11:10:36.401,1.53724,1.53742,1.50,1.00
2018.02.02 11:10:40.435,1.53726,1.53745,2.25,1.25
2018.02.02 11:10:40.487,1.53729,1.53745,1.00,1.25
2018.02.02 11:10:40.797,1.53728,1.53742,1.00,1.00
2018.02.02 11:10:40.952,1.53728,1.53744,1.12,1.00
2018.02.02 11:10:41.220,1.53727,1.53742,1.12,3.19
2018.02.02 11:10:41.324,1.53723,1.53739,1.31,1.25
2018.02.02 11:10:41.530,1.53721,1.53738,2.44,1.00
2018.02.02 11:10:41.685,1.53723,1.53741,1.37,1.00
2018.02.02 11:10:41.741,1.53727,1.53745,1.37,2.81
2018.02.02 11:10:41.797,1.5373,1.53745,1.00,1.13
2018.02.02 11:10:43.455,1.5373,1.53746,1.00,1.25
2018.02.02 11:10:46.296,1.5373,1.53748,1.00,2.06
2018.02.02 11:10:46.739,1.53731,1.53748,1.37,1.12
2018.02.02 11:10:47.957,1.53733,1.53751,1.37,2.25
2018.02.02 11:10:48.113,1.53738,1.53758,2.81,1.69
2018.02.02 11:10:48.218,1.53745,1.5376,1.31,1.00
2018.02.02 11:10:48.322,1.53746,1.53762,1.00,1.00
2018.02.02 11:10:48.427,1.53751,1.53766,1.00,1.00
2018.02.02 11:10:48.718,1.53754,1.53771,1.37,1.12
2018.02.02 11:10:48.926,1.53753,1.53771,1.12,1.12
2018.02.02 11:10:49.272,1.53751,1.53768,1.00,1.00
2018.02.02 11:10:49.594,1.53749,1.53768,1.69,1.69
2018.02.02 11:10:49.928,1.53747,1.53763,1.25,1.00
2018.02.02 11:10:50.238,1.53743,1.5376,1.00,1.19
2018.02.02 11:10:50.826,1.53741,1.5376,2.44,1.19
2018.02.02 11:10:51.374,1.53741,1.5376,2.44,1.19
2018.02.02 11:10:51.612,1.53741,1.5376,2.44,1.00
2018.02.02 11:10:52.145,1.53741,1.5376,2.44,1.31
2018.02.02 11:10:52.961,1.53741,1.5376,2.44,1.19
2018.02.02 11:10:54.280,1.53742,1.5376,1.00,1.19
2018.02.02 11:10:55.447,1.53742,1.5376,1.25,1.44
2018.02.02 11:10:56.347,1.53742,1.53757,1.25,1.00
2018.02.02 11:10:56.399,1.5374,1.53754,1.00,1.00
2018.02.02 11:10:56.916,1.5374,1.53756,1.25,1.19
2018.02.02 11:10:57.852,1.5374,1.53756,1.25,1.00
2018.02.02 11:10:58.852,1.53741,1.53758,1.00,1.00
2018.02.02 11:10:59.404,1.53741,1.53759,1.19,1.25
2018.02.02 11:11:00.357,1.53741,1.53759,1.25,1.25
2018.02.02 11:11:00.886,1.53741,1.53759,1.19,1.25
2018.02.02 11:11:01.645,1.53741,1.53759,1.25,1.44
2018.02.02 11:11:02.175,1.53738,1.53758,2.62,1.44
2018.02.02 11:11:04.072,1.53738,1.53757,3.75,1.25
2018.02.02 11:11:04.496,1.5374,1.53759,3.37,1.69
2018.02.02 11:11:05.012,1.53741,1.53759,2.06,1.25
2018.02.02 11:11:05.592,1.53742,1.53759,1.69,1.25
2018.02.02 11:11:05.917,1.53741,1.53755,1.19,1.19
2018.02.02 11:11:06.022,1.5374,1.53758,1.12,1.00
2018.02.02 11:11:06.230,1.53739,1.53757,1.12,2.06
2018.02.02 11:11:06.283,1.53739,1.53756,1.25,1.19
2018.02.02 11:11:06.341,1.53741,1.53754,1.00,1.31
2018.02.02 11:11:06.459,1.5374,1.53755,1.00,1.19
2018.02.02 11:11:06.562,1.53738,1.53755,1.25,1.19
2018.02.02 11:11:07.104,1.53738,1.53754,1.19,1.25
2018.02.02 11:11:07.662,1.53737,1.53753,1.69,1.00
2018.02.02 11:11:07.815,1.5374,1.53756,1.25,1.50
2018.02.02 11:11:07.866,1.53742,1.5376,1.00,2.06
2018.02.02 11:11:09.237,1.53741,1.53756,1.19,1.19
2018.02.02 11:11:09.289,1.53737,1.53752,1.00,1.00
2018.02.02 11:11:09.342,1.53735,1.53752,1.69,1.88
2018.02.02 11:11:09.896,1.53734,1.53752,1.69,1.88
2018.02.02 11:11:10.569,1.53734,1.53751,1.69,1.31
2018.02.02 11:11:11.250,1.53734,1.53752,1.69,1.19
2018.02.02 11:11:13.373,1.53737,1.53753,1.00,1.25
2018.02.02 11:11:13.478,1.53739,1.53757,1.00,1.13
2018.02.02 11:11:14.632,1.53739,1.53757,1.69,1.19
2018.02.02 11:11:15.116,1.53739,1.53757,1.69,1.19
2018.02.02 11:11:15.493,1.53739,1.53754,1.19,1.19
2018.02.02 11:11:15.751,1.53736,1.53752,1.69,1.25
2018.02.02 11:11:15.854,1.53737,1.53754,1.19,1.25
2018.02.02 11:11:16.391,1.53736,1.53753,1.69,1.00
2018.02.02 11:11:18.431,1.53736,1.53754,1.69,1.19
2018.02.02 11:11:19.084,1.53736,1.53754,1.19,1.19
2018.02.02 11:11:19.706,1.53736,1.53751,1.69,1.00
2018.02.02 11:11:23.118,1.53736,1.5375,1.19,1.00
2018.02.02 11:11:23.170,1.53735,1.53748,1.19,1.00
2018.02.02 11:11:23.377,1.53733,1.53746,1.19,1.00
2018.02.02 11:11:23.926,1.53731,1.53743,1.19,1.00
2018.02.02 11:11:24.184,1.53729,1.53743,1.19,1.00
2018.02.02 11:11:24.237,1.53729,1.53741,1.19,1.00
2018.02.02 11:11:24.289,1.53728,1.53741,1.25,1.00
2018.02.02 11:11:24.341,1.53726,1.5374,1.50,1.00
2018.02.02 11:11:24.949,1.53726,1.53739,1.00,1.00
2018.02.02 11:11:25.859,1.53726,1.53741,1.00,1.00
2018.02.02 11:11:27.007,1.53726,1.5374,1.00,1.00
2018.02.02 11:11:27.265,1.53725,1.53738,1.50,1.00
2018.02.02 11:11:28.257,1.53724,1.53738,1.12,1.00
2018.02.02 11:11:30.748,1.53723,1.53737,1.69,1.00
2018.02.02 11:11:31.296,1.53723,1.53737,1.25,1.00
2018.02.02 11:11:34.586,1.53722,1.53736,1.69,1.00
2018.02.02 11:11:35.094,1.53722,1.53737,1.69,1.00
2018.02.02 11:11:35.669,1.53722,1.53738,3.75,1.25
2018.02.02 11:11:35.877,1.53727,1.53742,1.12,1.00
2018.02.02 11:11:36.513,1.53728,1.53742,1.12,1.00
2018.02.02 11:11:36.814,1.53727,1.5374,2.44,1.00
2018.02.02 11:11:37.357,1.53727,1.53741,1.31,1.00
2018.02.02 11:11:38.605,1.53727,1.5374,1.31,1.00
2018.02.02 11:11:39.867,1.53727,1.5374,1.25,1.00
2018.02.02 11:11:40.184,1.53727,1.53742,1.69,1.00
2018.02.02 11:11:40.696,1.53727,1.5374,1.19,1.00
2018.02.02 11:11:40.905,1.53726,1.53739,1.25,1.00
2018.02.02 11:11:41.009,1.53725,1.53737,1.69,1.00
2018.02.02 11:11:41.114,1.53723,1.53738,2.06,1.00
2018.02.02 11:11:41.166,1.53725,1.53738,1.00,1.00
2018.02.02 11:11:41.369,1.53723,1.5374,2.81,1.25
2018.02.02 11:11:41.595,1.53725,1.5374,1.00,1.25
2018.02.02 11:11:42.214,1.53726,1.5374,1.00,1.00
2018.02.02 11:11:42.669,1.53726,1.53738,1.00,1.00
2018.02.02 11:11:43.208,1.53725,1.53737,1.19,1.00
2018.02.02 11:11:46.118,1.53725,1.53737,1.19,1.00
2018.02.02 11:11:47.031,1.53725,1.53737,1.19,1.00
2018.02.02 11:11:47.406,1.53724,1.53736,1.25,1.00
2018.02.02 11:11:47.458,1.53723,1.53734,1.19,1.00
2018.02.02 11:11:47.509,1.53721,1.53734,2.44,1.00
2018.02.02 11:11:48.381,1.53721,1.53734,1.25,1.00
2018.02.02 11:11:48.628,1.53722,1.53736,1.69,1.00
2018.02.02 11:11:48.893,1.53726,1.5374,1.12,1.00
2018.02.02 11:11:49.307,1.53727,1.5374,1.69,1.00
2018.02.02 11:11:49.653,1.53727,1.53736,1.00,1.00
2018.02.02 11:11:49.762,1.5372,1.53734,2.06,1.00
2018.02.02 11:11:49.816,1.5372,1.53732,1.69,1.00
2018.02.02 11:11:50.344,1.5372,1.53732,2.44,1.00
2018.02.02 11:11:51.776,1.5372,1.53733,2.44,1.00
2018.02.02 11:11:52.185,1.5372,1.53739,2.44,1.19
2018.02.02 11:11:52.289,1.53723,1.53741,1.00,1.19
2018.02.02 11:11:52.343,1.53727,1.5374,1.00,1.00
2018.02.02 11:11:52.396,1.53727,1.53742,2.25,1.00
2018.02.02 11:11:52.448,1.53731,1.53742,1.00,1.00
2018.02.02 11:11:52.500,1.53731,1.53748,2.06,1.25
2018.02.02 11:11:52.552,1.53734,1.53751,3.37,1.19
2018.02.02 11:11:52.719,1.53735,1.53753,1.75,1.25
2018.02.02 11:11:52.771,1.53738,1.53754,2.62,1.69
2018.02.02 11:11:53.078,1.53737,1.53757,4.88,1.31
2018.02.02 11:11:53.130,1.53739,1.53757,1.19,1.12
2018.02.02 11:11:53.480,1.53745,1.53764,1.50,2.06
2018.02.02 11:11:53.687,1.53744,1.53763,1.50,2.25
2018.02.02 11:11:54.040,1.53749,1.53768,1.00,4.31
2018.02.02 11:11:54.503,1.5375,1.53768,1.50,1.19
2018.02.02 11:11:54.862,1.53751,1.53769,1.25,1.00
2018.02.02 11:11:55.169,1.5375,1.53765,3.37,1.50
2018.02.02 11:11:55.515,1.53742,1.53754,1.00,1.19
2018.02.02 11:11:55.566,1.53735,1.53749,3.56,1.00
2018.02.02 11:11:55.618,1.53738,1.53758,1.00,3.00
2018.02.02 11:11:55.670,1.53739,1.53758,1.00,1.25
2018.02.02 11:11:56.138,1.53739,1.53757,1.19,1.31
2018.02.02 11:11:56.368,1.53738,1.53757,1.25,1.69
2018.02.02 11:11:57.332,1.53737,1.53756,2.44,1.25
2018.02.02 11:11:58.528,1.53737,1.53756,2.44,1.31
2018.02.02 11:12:00.201,1.53739,1.53756,1.00,1.19
2018.02.02 11:12:03.130,1.53741,1.53758,1.00,2.06
2018.02.02 11:12:03.469,1.53739,1.53758,1.00,2.06
2018.02.02 11:12:04.133,1.53738,1.53756,1.00,1.19
2018.02.02 11:12:04.851,1.53739,1.53758,1.00,1.31
2018.02.02 11:12:05.128,1.53741,1.53758,1.00,1.31
2018.02.02 11:12:05.668,1.53739,1.53758,1.50,1.19
2018.02.02 11:12:07.605,1.53741,1.5376,1.00,1.87
2018.02.02 11:12:07.657,1.53743,1.5376,1.00,1.19
2018.02.02 11:12:07.709,1.53743,1.53762,1.00,1.69
2018.02.02 11:12:08.505,1.53743,1.53759,1.31,1.25
2018.02.02 11:12:09.034,1.53742,1.53762,1.25,2.81
2018.02.02 11:12:09.341,1.53743,1.53762,2.06,2.06
2018.02.02 11:12:09.939,1.53743,1.53762,2.81,1.19
2018.02.02 11:12:10.541,1.53744,1.53764,1.87,1.69
2018.02.02 11:12:12.067,1.53745,1.53765,1.19,2.44
2018.02.02 11:12:13.203,1.53746,1.53765,1.25,1.69
2018.02.02 11:12:13.326,1.53749,1.53767,1.00,1.44
2018.02.02 11:12:14.441,1.53749,1.53769,1.69,1.19
2018.02.02 11:12:14.958,1.5375,1.5377,1.69,2.44
2018.02.02 11:12:15.734,1.5375,1.5377,1.69,2.44
2018.02.02 11:12:16.724,1.53749,1.53767,1.31,1.19
2018.02.02 11:12:16.994,1.53749,1.53768,1.00,1.69
2018.02.02 11:12:17.148,1.53749,1.53768,1.69,1.31
2018.02.02 11:12:17.696,1.53748,1.53767,1.50,1.19
2018.02.02 11:12:18.046,1.53745,1.53764,1.69,1.69
2018.02.02 11:12:19.717,1.53748,1.53765,1.50,1.25
2018.02.02 11:12:19.826,1.53748,1.53768,2.44,2.44
2018.02.02 11:12:20.347,1.53749,1.53769,2.06,1.69
2018.02.02 11:12:21.210,1.53749,1.53769,2.25,1.69
2018.02.02 11:12:22.258,1.53749,1.53769,2.06,4.31
2018.02.02 11:12:22.415,1.53747,1.53764,1.25,1.25
2018.02.02 11:12:23.933,1.53746,1.53764,1.19,1.19
2018.02.02 11:12:24.600,1.53745,1.53764,1.69,1.19
2018.02.02 11:12:26.463,1.53742,1.53758,2.81,1.19
2018.02.02 11:12:26.723,1.53737,1.53754,1.00,1.19
2018.02.02 11:12:27.237,1.53736,1.53753,1.00,1.19
2018.02.02 11:12:28.130,1.53738,1.53753,1.00,1.19
2018.02.02 11:12:28.234,1.5374,1.53757,1.00,2.06
2018.02.02 11:12:28.287,1.53741,1.53757,1.00,1.25
2018.02.02 11:12:28.443,1.53744,1.53759,1.00,1.00
2018.02.02 11:12:28.574,1.53743,1.53763,1.69,2.06
2018.02.02 11:12:28.626,1.53743,1.53762,1.12,1.31
2018.02.02 11:12:28.936,1.5374,1.53756,1.19,1.19
2018.02.02 11:12:29.095,1.53739,1.53758,1.69,1.31
2018.02.02 11:12:29.598,1.53739,1.53759,2.62,1.19
2018.02.02 11:12:29.702,1.53743,1.53761,1.00,1.25
2018.02.02 11:12:30.299,1.53743,1.53761,1.44,1.00
2018.02.02 11:12:30.816,1.53745,1.53761,1.19,1.25
2018.02.02 11:12:31.343,1.53745,1.53763,1.19,1.69
2018.02.02 11:12:32.487,1.53746,1.53764,1.25,2.06
2018.02.02 11:12:33.077,1.53746,1.53764,1.31,1.19
2018.02.02 11:12:33.948,1.53744,1.53763,1.00,2.06
2018.02.02 11:12:35.189,1.53744,1.53763,1.19,1.31
2018.02.02 11:12:35.564,1.53744,1.53764,1.87,1.69
2018.02.02 11:12:38.443,1.53743,1.53763,1.87,2.44
2018.02.02 11:12:38.601,1.53743,1.53763,1.69,3.94
2018.02.02 11:12:38.836,1.53744,1.53763,1.00,1.31
2018.02.02 11:12:39.095,1.53747,1.53763,1.00,1.19
2018.02.02 11:12:39.685,1.53746,1.53763,1.00,1.19
2018.02.02 11:12:40.162,1.53745,1.53762,1.00,1.31
2018.02.02 11:12:40.306,1.53746,1.53763,1.00,1.19
2018.02.02 11:12:41.697,1.53755,1.53764,1.00,1.69
2018.02.02 11:12:41.806,1.53753,1.53765,1.50,1.00
2018.02.02 11:12:41.861,1.53754,1.53771,1.00,1.19
2018.02.02 11:12:42.367,1.53753,1.53772,1.25,1.69
2018.02.02 11:12:42.418,1.53753,1.53772,2.06,1.69
2018.02.02 11:12:42.724,1.53753,1.5377,1.19,2.81
2018.02.02 11:12:44.465,1.53753,1.5377,1.12,2.81
2018.02.02 11:12:44.987,1.53753,1.5377,1.19,2.81
2018.02.02 11:12:47.349,1.53753,1.53768,1.19,1.31
2018.02.02 11:12:47.401,1.5375,1.53765,1.00,1.25
2018.02.02 11:12:47.453,1.53747,1.53765,1.00,1.19
2018.02.02 11:12:47.505,1.53748,1.53765,1.00,1.25
2018.02.02 11:12:47.660,1.53748,1.53767,1.31,1.25
2018.02.02 11:12:48.183,1.53749,1.53768,1.44,1.88
2018.02.02 11:12:48.534,1.53751,1.53769,1.19,1.44
2018.02.02 11:12:49.260,1.53751,1.53769,1.87,1.69
2018.02.02 11:12:49.571,1.53751,1.53762,1.19,1.00
2018.02.02 11:12:49.622,1.53751,1.53767,1.19,1.19
2018.02.02 11:12:49.674,1.5375,1.53766,1.19,1.56
2018.02.02 11:12:49.869,1.53746,1.53763,2.44,1.31
2018.02.02 11:12:50.479,1.53746,1.53764,1.87,2.06
2018.02.02 11:12:51.741,1.53748,1.53766,1.12,2.63
2018.02.02 11:12:52.261,1.53748,1.53766,1.69,2.44
2018.02.02 11:12:52.792,1.53749,1.53766,1.19,2.44
2018.02.02 11:12:53.524,1.53749,1.53766,1.19,2.44
2018.02.02 11:12:54.044,1.53749,1.53766,1.19,2.44
2018.02.02 11:12:54.550,1.53748,1.53766,1.69,2.44
2018.02.02 11:12:56.779,1.53748,1.53766,1.87,1.19
2018.02.02 11:12:57.379,1.53749,1.53766,1.19,1.19
2018.02.02 11:12:58.029,1.53748,1.53766,1.87,1.19
2018.02.02 11:12:58.185,1.5375,1.53768,1.19,1.88
2018.02.02 11:12:58.700,1.53751,1.53769,1.25,1.69
2018.02.02 11:12:59.225,1.5375,1.53769,1.87,2.44
2018.02.02 11:12:59.533,1.5375,1.53766,1.69,1.19
2018.02.02 11:13:00.318,1.53751,1.53767,1.12,1.25
2018.02.02 11:13:00.370,1.53751,1.53767,1.69,1.25
2018.02.02 11:13:00.629,1.53749,1.53767,2.81,1.19
2018.02.02 11:13:01.156,1.53749,1.53766,2.62,1.19
2018.02.02 11:13:03.452,1.53751,1.53767,1.44,1.19
2018.02.02 11:13:03.950,1.53751,1.53769,1.37,1.69
2018.02.02 11:13:04.931,1.53752,1.53769,1.19,1.69
2018.02.02 11:13:05.135,1.53754,1.53771,1.19,1.19
2018.02.02 11:13:05.772,1.53755,1.53772,1.31,1.19
2018.02.02 11:13:06.294,1.53755,1.53772,1.87,1.31
2018.02.02 11:13:06.828,1.53755,1.53771,1.87,1.25
2018.02.02 11:13:09.647,1.53764,1.53771,1.00,1.25
2018.02.02 11:13:09.776,1.53758,1.53774,1.00,1.31
2018.02.02 11:13:10.674,1.53757,1.53772,1.25,1.19
2018.02.02 11:13:11.223,1.53756,1.53772,1.87,1.00
2018.02.02 11:13:11.766,1.53756,1.53772,1.87,1.00
2018.02.02 11:13:12.314,1.53756,1.53772,1.19,1.19
2018.02.02 11:13:13.313,1.53756,1.53772,1.31,1.25
2018.02.02 11:13:14.857,1.53756,1.53772,1.25,1.69
2018.02.02 11:13:15.717,1.53756,1.53771,1.25,1.00
2018.02.02 11:13:16.211,1.53758,1.53771,1.00,1.25
2018.02.02 11:13:16.700,1.53759,1.53774,1.00,1.19
2018.02.02 11:13:17.128,1.5376,1.53776,1.37,1.00
2018.02.02 11:13:17.180,1.53764,1.53777,1.00,1.00
2018.02.02 11:13:17.401,1.53759,1.53775,1.31,1.00
2018.02.02 11:13:17.453,1.53758,1.53775,1.19,1.19
2018.02.02 11:13:17.557,1.53757,1.53775,1.25,1.19
2018.02.02 11:13:18.127,1.53756,1.53775,2.81,1.19
2018.02.02 11:13:18.384,1.53756,1.53772,2.06,1.56
2018.02.02 11:13:18.437,1.53751,1.53771,2.81,3.00
2018.02.02 11:13:18.958,1.53752,1.5377,1.00,1.69
2018.02.02 11:13:19.449,1.53752,1.5377,1.00,2.06
2018.02.02 11:13:19.963,1.53752,1.53769,1.00,1.19
2018.02.02 11:13:20.269,1.53756,1.53772,1.00,2.81
2018.02.02 11:13:22.438,1.53754,1.53772,1.13,3.56
2018.02.02 11:13:24.589,1.53752,1.53769,1.19,1.19
2018.02.02 11:13:24.745,1.53753,1.5377,1.00,1.25
2018.02.02 11:13:25.073,1.53756,1.53772,1.00,1.69
2018.02.02 11:13:25.656,1.53757,1.53772,1.00,1.19
2018.02.02 11:13:25.811,1.53758,1.53774,1.00,2.06
2018.02.02 11:13:25.916,1.53762,1.53776,1.00,1.50
2018.02.02 11:13:26.267,1.53765,1.53781,1.00,1.69
2018.02.02 11:13:26.575,1.53764,1.5378,1.00,2.06
2018.02.02 11:13:26.888,1.53767,1.53781,1.00,1.69
2018.02.02 11:13:27.397,1.53767,1.53781,1.00,1.19
2018.02.02 11:13:28.805,1.53768,1.53784,1.00,2.06
2018.02.02 11:13:29.138,1.5377,1.53784,1.00,2.06
2018.02.02 11:13:29.242,1.53769,1.53784,1.00,1.19
2018.02.02 11:13:29.347,1.53768,1.53784,1.00,2.06
2018.02.02 11:13:30.321,1.53767,1.53784,1.25,2.81
2018.02.02 11:13:31.342,1.53769,1.53784,1.00,2.06
2018.02.02 11:13:31.497,1.53767,1.53784,1.25,2.06
2018.02.02 11:13:32.516,1.53766,1.53783,1.00,1.19
2018.02.02 11:13:33.228,1.53766,1.53783,1.00,2.25
2018.02.02 11:13:35.522,1.53769,1.53784,1.00,1.19
2018.02.02 11:13:36.020,1.53767,1.53785,1.69,2.06
2018.02.02 11:13:36.279,1.5377,1.53785,1.00,2.06
2018.02.02 11:13:36.702,1.53768,1.53785,1.00,1.31
2018.02.02 11:13:38.548,1.53768,1.53785,1.00,1.31
2018.02.02 11:13:41.035,1.53769,1.53785,1.00,2.06
2018.02.02 11:13:41.621,1.5377,1.53785,1.00,2.06
2018.02.02 11:13:42.126,1.5377,1.53785,1.00,1.19
2018.02.02 11:13:42.644,1.53769,1.53785,1.00,1.19
2018.02.02 11:13:43.173,1.53768,1.53785,1.00,1.19
2018.02.02 11:13:43.805,1.53768,1.53785,1.00,1.31
2018.02.02 11:13:44.549,1.53767,1.53782,1.25,1.19
2018.02.02 11:13:44.602,1.53765,1.53782,1.00,1.19
2018.02.02 11:13:44.654,1.53765,1.53782,1.00,1.81
2018.02.02 11:13:45.134,1.53763,1.5378,1.31,1.31
2018.02.02 11:13:46.992,1.53762,1.53779,2.81,1.31
2018.02.02 11:13:47.575,1.53761,1.53779,1.50,2.81
2018.02.02 11:13:47.784,1.53763,1.53779,1.00,2.06
2018.02.02 11:13:48.328,1.53763,1.5378,1.00,1.50
2018.02.02 11:13:50.603,1.53763,1.53782,1.00,1.19
2018.02.02 11:13:50.656,1.53765,1.53782,1.00,1.87
2018.02.02 11:13:50.709,1.53767,1.53782,1.00,1.25
2018.02.02 11:13:50.903,1.53767,1.53782,1.00,1.69
2018.02.02 11:13:51.689,1.53766,1.53781,1.00,1.69
2018.02.02 11:13:54.057,1.53766,1.53782,1.00,1.19
2018.02.02 11:13:54.822,1.53765,1.53782,1.00,1.69
2018.02.02 11:13:58.100,1.53765,1.53781,1.00,1.31
2018.02.02 11:13:58.830,1.53764,1.53781,1.00,1.31
2018.02.02 11:14:00.539,1.53765,1.53779,1.00,1.19
2018.02.02 11:14:01.309,1.53765,1.5378,1.00,1.31
2018.02.02 11:14:01.999,1.53766,1.53781,1.00,2.06
2018.02.02 11:14:03.104,1.53765,1.53781,1.00,2.06
2018.02.02 11:14:03.410,1.53767,1.53781,1.00,1.31
2018.02.02 11:14:03.967,1.53766,1.53781,1.00,1.31
2018.02.02 11:14:04.224,1.53766,1.53782,1.00,2.44
2018.02.02 11:14:05.793,1.53767,1.53782,1.00,1.69
2018.02.02 11:14:06.074,1.53765,1.53782,1.25,1.19
2018.02.02 11:14:07.068,1.53764,1.53782,1.31,1.19
2018.02.02 11:14:09.261,1.53764,1.53782,1.31,1.69
2018.02.02 11:14:09.796,1.53764,1.53782,1.31,2.44
2018.02.02 11:14:10.318,1.53763,1.53781,1.63,1.19
2018.02.02 11:14:10.852,1.53764,1.53781,1.25,1.31
2018.02.02 11:14:12.036,1.53764,1.53781,1.31,1.19
2018.02.02 11:14:12.691,1.53764,1.53782,1.31,1.69
2018.02.02 11:14:13.480,1.53764,1.53782,1.31,1.69
2018.02.02 11:14:13.584,1.53763,1.53781,1.69,1.19
2018.02.02 11:14:13.893,1.53761,1.53779,2.06,1.19
2018.02.02 11:14:14.785,1.53761,1.53779,2.06,1.25
2018.02.02 11:14:15.666,1.53761,1.53779,1.69,1.25
2018.02.02 11:14:15.986,1.53761,1.53777,1.19,1.00
2018.02.02 11:14:16.630,1.53761,1.53778,2.44,1.19
2018.02.02 11:14:17.162,1.53762,1.5378,1.31,2.81
2018.02.02 11:14:17.675,1.53763,1.5378,1.00,2.81
2018.02.02 11:14:18.297,1.5376,1.53779,2.06,1.56
2018.02.02 11:14:18.453,1.53759,1.53777,1.31,2.44
2018.02.02 11:14:18.763,1.53757,1.53775,1.50,1.31
2018.02.02 11:14:19.388,1.53757,1.53775,1.12,2.06
2018.02.02 11:14:19.990,1.53757,1.53775,1.31,2.81
2018.02.02 11:14:20.494,1.53757,1.53775,1.31,1.19
2018.02.02 11:14:20.810,1.53765,1.53782,1.50,1.00
2018.02.02 11:14:20.862,1.53763,1.53782,4.50,1.19
2018.02.02 11:14:20.913,1.53763,1.53782,2.25,1.19
2018.02.02 11:14:21.016,1.53762,1.53781,1.69,2.06
2018.02.02 11:14:21.897,1.53763,1.5378,1.31,1.25
2018.02.02 11:14:22.105,1.53764,1.53782,1.69,1.19
2018.02.02 11:14:23.743,1.53764,1.53782,1.19,1.19
2018.02.02 11:14:24.279,1.53764,1.53782,1.50,1.69
2018.02.02 11:14:24.641,1.53765,1.53782,1.31,1.25
2018.02.02 11:14:24.693,1.53766,1.53785,1.37,3.94
2018.02.02 11:14:24.795,1.53767,1.53785,1.12,1.31
2018.02.02 11:14:25.369,1.53767,1.53785,1.62,2.81
2018.02.02 11:14:26.016,1.53767,1.53785,1.62,2.06
2018.02.02 11:14:26.548,1.53766,1.53782,1.56,1.25
2018.02.02 11:14:26.911,1.53769,1.53786,1.12,1.69
2018.02.02 11:14:27.859,1.53767,1.53786,1.62,1.88
2018.02.02 11:14:30.664,1.53768,1.53785,1.00,2.06
2018.02.02 11:14:30.818,1.53767,1.53784,1.25,1.25
2018.02.02 11:14:30.972,1.53765,1.53784,3.19,1.31
2018.02.02 11:14:31.278,1.53767,1.53785,1.13,1.31
2018.02.02 11:14:31.992,1.53767,1.53784,1.25,1.31
2018.02.02 11:14:32.094,1.53767,1.53784,1.25,1.19
2018.02.02 11:14:32.705,1.53767,1.53785,1.62,2.06
2018.02.02 11:14:35.930,1.53765,1.53782,1.69,1.25
2018.02.02 11:14:35.984,1.53765,1.53781,1.31,1.44
2018.02.02 11:14:36.087,1.53762,1.53781,2.06,3.56
2018.02.02 11:14:36.734,1.53761,1.5378,1.62,2.06
2018.02.02 11:14:36.786,1.5376,1.5378,3.19,2.81
2018.02.02 11:14:36.839,1.5376,1.53777,1.25,2.81
2018.02.02 11:14:37.585,1.53759,1.53777,1.69,1.69
2018.02.02 11:14:41.470,1.53759,1.53776,1.69,1.19
2018.02.02 11:14:43.954,1.53756,1.53775,2.62,2.25
2018.02.02 11:14:44.060,1.53754,1.53772,3.19,1.25
2018.02.02 11:14:44.187,1.53755,1.53771,1.00,1.19
2018.02.02 11:14:44.448,1.53755,1.53771,1.50,1.00
2018.02.02 11:14:44.951,1.53755,1.53771,1.25,1.00
2018.02.02 11:14:45.571,1.53755,1.53771,1.25,1.19
2018.02.02 11:14:46.110,1.53754,1.53772,2.44,1.19
2018.02.02 11:14:47.462,1.53755,1.53772,1.25,1.19
2018.02.02 11:14:49.776,1.53759,1.53773,1.50,1.25
2018.02.02 11:14:50.596,1.53763,1.53777,1.37,1.19
2018.02.02 11:14:50.708,1.53761,1.53777,1.00,1.25
2018.02.02 11:14:50.761,1.53758,1.53775,2.44,1.35
2018.02.02 11:14:50.923,1.53764,1.5378,1.37,1.69
2018.02.02 11:14:51.183,1.53766,1.53782,1.00,1.00
2018.02.02 11:14:51.769,1.53766,1.53785,1.00,2.63
2018.02.02 11:14:52.286,1.53767,1.53785,2.19,1.69
2018.02.02 11:14:52.768,1.53768,1.53785,3.56,1.31
2018.02.02 11:14:52.820,1.53767,1.53784,1.69,1.19
2018.02.02 11:14:52.872,1.53767,1.53782,1.19,1.19
2018.02.02 11:14:52.974,1.53766,1.53783,1.25,1.19
2018.02.02 11:14:53.077,1.53764,1.53782,2.06,1.69
2018.02.02 11:14:53.230,1.53765,1.53782,1.62,1.69
2018.02.02 11:14:53.281,1.53764,1.53782,1.12,1.19
2018.02.02 11:14:53.587,1.53765,1.53782,1.37,1.19
2018.02.02 11:14:53.926,1.53763,1.53781,2.06,2.06
2018.02.02 11:14:54.079,1.53765,1.53782,1.00,1.19
2018.02.02 11:14:56.683,1.53766,1.53782,1.00,1.19
2018.02.02 11:15:01.754,1.53764,1.53779,1.19,2.06
2018.02.02 11:15:01.806,1.53763,1.53779,1.25,2.06
2018.02.02 11:15:01.859,1.53761,1.53776,1.25,1.12
2018.02.02 11:15:01.912,1.53758,1.53777,1.88,2.25
2018.02.02 11:15:02.454,1.53759,1.53776,1.50,1.00
2018.02.02 11:15:02.966,1.53759,1.53777,1.12,1.00
2018.02.02 11:15:03.502,1.53758,1.53776,1.31,1.00
2018.02.02 11:15:04.239,1.53758,1.53776,1.31,1.00
2018.02.02 11:15:04.829,1.53757,1.53773,1.00,1.00
2018.02.02 11:15:07.288,1.53756,1.53773,1.87,1.00
2018.02.02 11:15:07.599,1.53752,1.53769,1.63,1.00
2018.02.02 11:15:07.807,1.53754,1.53771,1.37,1.00
2018.02.02 11:15:07.860,1.53757,1.53772,1.00,1.00
2018.02.02 11:15:08.107,1.53763,1.53781,1.37,1.00
2018.02.02 11:15:09.011,1.53764,1.53781,1.31,1.00
2018.02.02 11:15:09.526,1.53764,1.53781,1.31,1.00
2018.02.02 11:15:10.100,1.53764,1.53779,1.44,1.00
2018.02.02 11:15:10.253,1.53768,1.53783,1.12,1.00
2018.02.02 11:15:10.305,1.53768,1.53785,1.87,1.00
2018.02.02 11:15:10.458,1.53766,1.53785,3.56,1.00
2018.02.02 11:15:10.509,1.53766,1.53785,3.56,1.00
2018.02.02 11:15:11.052,1.53768,1.53784,1.19,1.19
2018.02.02 11:15:11.347,1.53765,1.53783,1.19,1.50
2018.02.02 11:15:11.861,1.53765,1.53783,1.69,1.00
2018.02.02 11:15:12.016,1.53765,1.53777,1.87,1.00
2018.02.02 11:15:12.568,1.53765,1.53776,1.44,1.00
2018.02.02 11:15:13.216,1.53764,1.53775,1.25,1.00
2018.02.02 11:15:13.759,1.53763,1.53776,1.56,1.00
2018.02.02 11:15:13.811,1.53762,1.53774,1.31,1.00
2018.02.02 11:15:14.129,1.53756,1.53768,1.69,1.00
2018.02.02 11:15:14.674,1.53755,1.53768,3.19,1.00
2018.02.02 11:15:15.338,1.53755,1.53768,3.19,1.00
2018.02.02 11:15:15.852,1.53755,1.53769,3.19,1.00
2018.02.02 11:15:16.508,1.53755,1.53769,2.44,1.00
2018.02.02 11:15:17.621,1.53754,1.53765,1.81,1.00
2018.02.02 11:15:17.900,1.5375,1.53762,1.25,1.00
2018.02.02 11:15:18.055,1.53749,1.53763,1.56,1.00
2018.02.02 11:15:18.158,1.53749,1.53764,2.25,1.00
2018.02.02 11:15:18.210,1.53748,1.53763,1.31,1.00
2018.02.02 11:15:18.313,1.53747,1.53762,2.06,1.00
2018.02.02 11:15:20.054,1.53748,1.53762,1.31,1.00
2018.02.02 11:15:20.366,1.53745,1.53758,1.31,1.00
2018.02.02 11:15:20.602,1.53744,1.53757,1.69,1.00
2018.02.02 11:15:20.659,1.5374,1.53752,3.75,1.00
2018.02.02 11:15:20.713,1.53738,1.53751,1.12,1.00
2018.02.02 11:15:20.871,1.53737,1.53751,2.06,1.00
2018.02.02 11:15:21.078,1.53739,1.53752,1.25,1.00
2018.02.02 11:15:21.356,1.53738,1.53752,3.00,1.00
2018.02.02 11:15:21.818,1.53738,1.53752,2.63,1.00
2018.02.02 11:15:22.202,1.53739,1.53752,1.13,1.00
2018.02.02 11:15:22.498,1.53739,1.53752,1.00,1.00
2018.02.02 11:15:23.923,1.53739,1.5375,1.00,1.00
2018.02.02 11:15:24.078,1.53737,1.53749,1.50,1.00
2018.02.02 11:15:24.196,1.53739,1.53751,1.00,1.00
2018.02.02 11:15:24.507,1.53741,1.53753,1.12,1.00
2018.02.02 11:15:26.406,1.53741,1.53756,1.12,1.00
2018.02.02 11:15:26.509,1.53743,1.53756,1.00,1.00
2018.02.02 11:15:26.815,1.5374,1.53753,1.00,1.00
2018.02.02 11:15:27.121,1.53739,1.5375,1.25,1.00
2018.02.02 11:15:27.449,1.53737,1.53748,1.69,1.00
2018.02.02 11:15:27.968,1.53737,1.53747,1.25,1.00
2018.02.02 11:15:29.153,1.53736,1.53747,1.31,1.00
2018.02.02 11:15:29.206,1.53737,1.5375,1.19,1.00
2018.02.02 11:15:29.259,1.53738,1.5375,1.62,1.00
2018.02.02 11:15:29.415,1.5374,1.53752,1.12,1.00
2018.02.02 11:15:29.545,1.53738,1.53749,1.69,1.00
2018.02.02 11:15:30.046,1.53738,1.5375,1.31,1.00
2018.02.02 11:15:30.404,1.53735,1.53748,3.00,1.00
2018.02.02 11:15:30.710,1.53734,1.53745,1.31,1.00
2018.02.02 11:15:30.893,1.53733,1.53744,1.00,1.00
2018.02.02 11:15:30.945,1.53731,1.53742,1.19,1.00
2018.02.02 11:15:31.242,1.5373,1.53744,2.63,1.00
2018.02.02 11:15:32.032,1.53732,1.53744,1.69,1.00
2018.02.02 11:15:32.083,1.53732,1.53746,1.69,1.00
2018.02.02 11:15:32.444,1.53733,1.53744,1.56,1.00
2018.02.02 11:15:32.496,1.53733,1.5375,1.56,1.13
2018.02.02 11:15:32.704,1.53732,1.53748,1.31,1.00
2018.02.02 11:15:33.218,1.53732,1.53749,1.69,1.00
2018.02.02 11:15:34.224,1.53733,1.5375,1.56,1.00
2018.02.02 11:15:34.329,1.53734,1.53752,2.06,1.00
2018.02.02 11:15:34.507,1.53735,1.53753,2.44,1.00
2018.02.02 11:15:35.018,1.53736,1.53752,1.19,1.00
2018.02.02 11:15:35.525,1.53737,1.53755,2.06,1.25
2018.02.02 11:15:35.692,1.5374,1.53759,1.31,1.69
2018.02.02 11:15:38.078,1.53741,1.5376,2.44,1.13
2018.02.02 11:15:38.134,1.53743,1.53762,1.69,1.69
2018.02.02 11:15:38.637,1.53744,1.53762,1.69,1.25
2018.02.02 11:15:39.046,1.53744,1.53762,2.06,1.25
2018.02.02 11:15:39.453,1.53745,1.53764,1.56,1.69
2018.02.02 11:15:39.749,1.53747,1.53765,2.06,1.50
2018.02.02 11:15:39.800,1.53749,1.53768,1.37,1.25
2018.02.02 11:15:39.852,1.53751,1.53769,1.12,1.50
2018.02.02 11:15:39.955,1.53751,1.53771,1.87,1.13
2018.02.02 11:15:40.357,1.53751,1.53768,1.19,1.00
2018.02.02 11:15:40.408,1.53755,1.53773,1.37,1.00
2018.02.02 11:15:40.511,1.53755,1.53775,2.81,1.25
2018.02.02 11:15:40.873,1.53756,1.53775,2.81,1.19
2018.02.02 11:15:41.540,1.53756,1.53775,2.06,1.25
2018.02.02 11:15:42.922,1.53757,1.53775,1.31,1.25
2018.02.02 11:15:45.307,1.53757,1.53776,1.31,3.38
2018.02.02 11:15:45.836,1.53757,1.53776,1.56,3.38
2018.02.02 11:15:47.831,1.5376,1.53776,1.12,1.50
2018.02.02 11:15:47.994,1.53762,1.53781,2.62,1.69
2018.02.02 11:15:48.402,1.5376,1.53778,1.88,1.25
2018.02.02 11:15:48.758,1.53757,1.53776,5.25,1.25
2018.02.02 11:15:49.271,1.53757,1.53774,1.19,1.19
2018.02.02 11:15:49.750,1.53758,1.53776,1.00,1.00
2018.02.02 11:15:49.853,1.53764,1.5378,1.00,1.00
2018.02.02 11:15:49.955,1.53765,1.53785,1.69,3.38
2018.02.02 11:15:50.007,1.53766,1.53785,2.25,1.50
2018.02.02 11:15:50.161,1.53773,1.53791,1.00,1.50
2018.02.02 11:15:50.212,1.53775,1.53793,2.25,1.00
2018.02.02 11:15:50.535,1.53781,1.538,1.00,1.00
2018.02.02 11:15:50.843,1.53781,1.538,1.69,1.00
2018.02.02 11:15:51.307,1.53783,1.538,1.19,1.00
2018.02.02 11:15:51.845,1.53782,1.538,1.44,1.19
2018.02.02 11:15:53.400,1.53782,1.538,1.44,1.00
2018.02.02 11:15:54.864,1.5378,1.53797,1.69,1.69
2018.02.02 11:15:55.216,1.53774,1.5379,1.19,1.00
2018.02.02 11:15:55.871,1.53773,1.5379,1.25,1.00
2018.02.02 11:15:56.429,1.53772,1.5379,1.69,1.00
2018.02.02 11:15:56.983,1.53772,1.53788,1.19,1.00
2018.02.02 11:15:57.086,1.53771,1.53787,1.19,1.00
2018.02.02 11:15:57.139,1.5377,1.53789,2.44,1.25
2018.02.02 11:15:57.655,1.5377,1.53789,1.19,1.00
2018.02.02 11:15:57.809,1.53769,1.53788,2.44,1.25
2018.02.02 11:15:58.480,1.53769,1.53788,3.19,1.25
2018.02.02 11:16:01.610,1.53769,1.53788,1.69,1.69
2018.02.02 11:16:02.156,1.5377,1.53788,1.31,1.00
2018.02.02 11:16:02.997,1.5377,1.53789,2.06,1.00
2018.02.02 11:16:03.052,1.53773,1.53791,1.13,1.00
2018.02.02 11:16:03.568,1.53774,1.53792,1.25,1.13
2018.02.02 11:16:04.111,1.53773,1.53793,2.06,2.06
2018.02.02 11:16:04.427,1.53775,1.53794,2.06,1.00
2018.02.02 11:16:05.005,1.53775,1.53794,2.06,1.00
2018.02.02 11:16:06.361,1.53775,1.53795,3.19,1.13
2018.02.02 11:16:07.342,1.53776,1.53795,1.44,1.31
2018.02.02 11:16:07.896,1.53776,1.53795,1.19,1.13
2018.02.02 11:16:08.397,1.53776,1.53795,1.19,1.31
2018.02.02 11:16:09.011,1.53776,1.53795,1.19,1.25
2018.02.02 11:16:10.098,1.53775,1.53795,3.75,1.25
2018.02.02 11:16:10.612,1.53775,1.53793,1.87,1.19
2018.02.02 11:16:10.802,1.53773,1.53792,1.31,2.44
2018.02.02 11:16:11.321,1.53771,1.53791,3.94,1.00
2018.02.02 11:16:16.319,1.53771,1.53788,1.69,2.25
2018.02.02 11:16:16.423,1.53767,1.53786,3.19,1.19
2018.02.02 11:16:16.718,1.53765,1.53785,2.62,1.50
2018.02.02 11:16:16.823,1.53765,1.53783,1.25,1.00
2018.02.02 11:16:17.366,1.53765,1.53782,1.25,1.00
2018.02.02 11:16:18.085,1.53763,1.53782,1.69,1.00
2018.02.02 11:16:18.603,1.53762,1.53781,1.50,2.44
2018.02.02 11:16:20.979,1.53763,1.53781,1.00,1.00
2018.02.02 11:16:22.353,1.53763,1.53782,1.00,2.44
2018.02.02 11:16:23.170,1.53765,1.53781,1.00,1.00
2018.02.02 11:16:23.378,1.53766,1.53783,1.00,1.00
2018.02.02 11:16:23.904,1.53764,1.53782,1.00,1.19
2018.02.02 11:16:23.957,1.53762,1.5378,1.25,1.25
2018.02.02 11:16:24.481,1.53763,1.5378,1.00,1.25
2018.02.02 11:16:24.940,1.53761,1.53778,1.00,1.00
2018.02.02 11:16:25.095,1.53759,1.53778,3.04,1.69
2018.02.02 11:16:25.952,1.53758,1.53777,1.00,1.69
2018.02.02 11:16:26.587,1.53758,1.53773,1.00,1.00
2018.02.02 11:16:26.842,1.53756,1.53773,1.00,1.00
2018.02.02 11:16:27.351,1.53755,1.53773,1.00,1.00
2018.02.02 11:16:27.939,1.53755,1.53773,1.00,1.19
2018.02.02 11:16:29.898,1.53754,1.53773,1.50,1.19
2018.02.02 11:16:31.333,1.53754,1.53773,1.00,2.44
2018.02.02 11:16:32.734,1.53754,1.53773,1.00,2.06
2018.02.02 11:16:34.310,1.53756,1.53773,1.00,1.00
2018.02.02 11:16:34.363,1.53754,1.53773,1.31,1.00
2018.02.02 11:16:38.559,1.53754,1.53773,1.12,3.19
2018.02.02 11:16:39.064,1.53753,1.53771,1.12,1.13
2018.02.02 11:16:39.967,1.53752,1.53769,1.00,2.81
2018.02.02 11:16:40.096,1.53749,1.53766,1.00,1.69
2018.02.02 11:16:40.148,1.53747,1.53765,1.12,1.50
2018.02.02 11:16:40.606,1.53746,1.53763,1.00,1.00
2018.02.02 11:16:41.648,1.53746,1.53763,1.12,1.19
2018.02.02 11:16:43.062,1.53746,1.53763,1.12,1.00
2018.02.02 11:16:44.044,1.53746,1.53763,1.50,1.00
2018.02.02 11:16:44.572,1.53746,1.53762,1.50,1.00
2018.02.02 11:16:44.752,1.53742,1.53759,1.25,1.25
2018.02.02 11:16:45.190,1.53744,1.5376,1.00,1.00
2018.02.02 11:16:45.294,1.53745,1.53763,1.50,1.25
2018.02.02 11:16:45.816,1.53744,1.53762,1.75,1.19
2018.02.02 11:16:45.867,1.53744,1.53761,1.12,1.25
2018.02.02 11:16:46.020,1.53746,1.53761,1.00,1.00
2018.02.02 11:16:46.072,1.53746,1.53763,1.00,1.00
2018.02.02 11:16:46.709,1.53746,1.53762,1.50,1.00
2018.02.02 11:16:49.933,1.53744,1.53762,1.31,1.19
2018.02.02 11:16:49.984,1.53744,1.53761,1.00,1.88
2018.02.02 11:16:50.087,1.53739,1.53757,1.00,1.19
2018.02.02 11:16:51.618,1.53738,1.53756,1.00,1.00
2018.02.02 11:16:51.670,1.53737,1.53756,3.00,1.44
2018.02.02 11:16:51.722,1.53735,1.53756,1.50,2.63
2018.02.02 11:16:51.774,1.53737,1.53754,1.00,1.00
2018.02.02 11:16:52.113,1.53743,1.5376,1.00,1.25
2018.02.02 11:16:52.421,1.53743,1.5376,1.00,1.38
2018.02.02 11:16:52.575,1.53743,1.5376,1.00,1.00
2018.02.02 11:16:53.164,1.53743,1.5376,1.00,1.38
2018.02.02 11:16:53.838,1.53742,1.53759,1.00,1.00
2018.02.02 11:16:55.183,1.53743,1.53759,1.00,1.00
2018.02.02 11:16:57.916,1.53742,1.53759,1.00,1.50
2018.02.02 11:16:58.126,1.53746,1.5376,1.00,1.50
2018.02.02 11:16:58.178,1.53747,1.53761,1.00,1.12
2018.02.02 11:16:58.230,1.53742,1.53761,1.87,1.69
2018.02.02 11:16:58.353,1.53747,1.53765,1.00,1.00
2018.02.02 11:16:58.507,1.53748,1.53767,1.00,1.50
2018.02.02 11:16:59.009,1.53749,1.53767,1.12,1.00
2018.02.02 11:16:59.512,1.53749,1.53768,1.88,1.69
2018.02.02 11:17:02.007,1.53749,1.53767,1.25,1.00
2018.02.02 11:17:04.032,1.53748,1.53767,1.12,1.50
2018.02.02 11:17:06.883,1.53747,1.53764,1.69,1.00
2018.02.02 11:17:06.988,1.53745,1.53763,2.44,1.00
2018.02.02 11:17:07.522,1.53744,1.53762,1.19,1.50
2018.02.02 11:17:08.029,1.53743,1.53761,1.31,1.00
2018.02.02 11:17:09.397,1.53743,1.53761,1.25,1.50
2018.02.02 11:17:10.176,1.53743,1.5376,1.25,1.00
2018.02.02 11:17:10.711,1.53743,1.5376,1.19,1.00
2018.02.02 11:17:11.352,1.53743,1.5376,1.19,1.00
2018.02.02 11:17:11.863,1.53743,1.5376,1.19,1.00
2018.02.02 11:17:12.403,1.53741,1.5376,2.06,1.00
2018.02.02 11:17:15.015,1.53742,1.5376,1.19,1.00
2018.02.02 11:17:17.562,1.53742,1.53758,1.25,1.00
2018.02.02 11:17:17.860,1.53738,1.53757,2.06,1.50
2018.02.02 11:17:17.964,1.53738,1.53755,1.19,1.00
2018.02.02 11:17:18.275,1.53743,1.5376,1.00,1.00
2018.02.02 11:17:18.329,1.53746,1.53761,1.00,1.00
2018.02.02 11:17:18.502,1.53747,1.53763,1.00,1.00
2018.02.02 11:17:18.557,1.53747,1.53766,2.25,1.31
2018.02.02 11:17:18.662,1.53747,1.53767,3.37,1.50
2018.02.02 11:17:19.273,1.53747,1.53767,3.00,2.06
2018.02.02 11:17:19.864,1.53747,1.53767,3.00,2.25
2018.02.02 11:17:20.534,1.53747,1.53766,1.00,1.00
2018.02.02 11:17:20.590,1.53747,1.53763,1.00,1.00
2018.02.02 11:17:20.695,1.53744,1.53761,1.12,1.00
2018.02.02 11:17:21.058,1.53741,1.53759,4.31,1.00
2018.02.02 11:17:21.580,1.53741,1.5376,2.44,1.00
2018.02.02 11:17:22.118,1.53741,1.53759,2.81,1.00
2018.02.02 11:17:23.188,1.53741,1.53757,2.06,1.00
2018.02.02 11:17:24.355,1.53741,1.53759,2.44,1.00
2018.02.02 11:17:24.408,1.53741,1.53757,1.50,1.00
2018.02.02 11:17:24.461,1.53738,1.53756,1.50,1.00
2018.02.02 11:17:24.772,1.53736,1.53755,2.44,1.00
2018.02.02 11:17:24.876,1.53736,1.53755,1.75,1.50
2018.02.02 11:17:25.094,1.53735,1.53755,3.75,1.69
2018.02.02 11:17:25.634,1.53735,1.53754,1.50,1.00
2018.02.02 11:17:26.731,1.53734,1.53751,1.12,1.19
2018.02.02 11:17:26.783,1.5373,1.53749,5.62,1.25
2018.02.02 11:17:27.337,1.5373,1.53748,1.69,1.00
2018.02.02 11:17:28.039,1.5373,1.53748,1.31,1.38
2018.02.02 11:17:28.142,1.5373,1.53748,1.69,1.00
2018.02.02 11:17:28.446,1.53729,1.53748,1.69,1.50
2018.02.02 11:17:29.232,1.53731,1.5375,1.50,2.06
2018.02.02 11:17:29.760,1.53729,1.53749,1.25,2.06
2018.02.02 11:17:30.413,1.53729,1.53749,1.25,2.63
2018.02.02 11:17:30.752,1.5372,1.53737,1.12,1.13
2018.02.02 11:17:31.261,1.5372,1.53738,1.00,1.25
2018.02.02 11:17:31.799,1.5372,1.53737,1.12,1.00
2018.02.02 11:17:33.185,1.5372,1.53739,1.50,1.25
2018.02.02 11:17:33.238,1.53722,1.53739,1.50,1.31
2018.02.02 11:17:33.752,1.53722,1.53739,1.00,1.13
2018.02.02 11:17:33.804,1.5372,1.53738,2.25,1.69
2018.02.02 11:17:33.857,1.5372,1.53737,1.50,1.44
2018.02.02 11:17:34.372,1.5372,1.53738,1.12,1.69
2018.02.02 11:17:34.699,1.53722,1.5374,1.50,1.13
2018.02.02 11:17:35.936,1.53723,1.5374,2.25,1.00
2018.02.02 11:17:36.040,1.53722,1.5374,4.87,1.00
2018.02.02 11:17:36.575,1.53722,1.53741,1.87,1.25
2018.02.02 11:17:36.678,1.53722,1.53739,1.00,1.00
2018.02.02 11:17:36.933,1.5372,1.53738,1.12,1.50
2018.02.02 11:17:37.137,1.5372,1.53736,1.00,1.00
2018.02.02 11:17:37.339,1.53718,1.53736,2.06,1.00
2018.02.02 11:17:39.102,1.53718,1.53736,1.50,1.50
2018.02.02 11:17:39.323,1.53718,1.53736,2.44,1.00
2018.02.02 11:17:39.569,1.5372,1.53738,1.50,1.25
2018.02.02 11:17:39.829,1.53721,1.53739,3.37,1.31
2018.02.02 11:17:39.957,1.53721,1.53739,2.25,1.13
2018.02.02 11:17:40.472,1.5372,1.53739,1.12,1.88
2018.02.02 11:17:40.677,1.5372,1.53737,1.12,1.00
2018.02.02 11:17:41.251,1.5372,1.53736,1.00,1.00
2018.02.02 11:17:42.917,1.5372,1.53737,1.00,1.00
2018.02.02 11:17:44.339,1.53717,1.53733,1.50,1.50
2018.02.02 11:17:44.392,1.53715,1.53731,1.50,1.00
2018.02.02 11:17:44.445,1.53719,1.53731,1.35,1.00
2018.02.02 11:17:44.497,1.53722,1.53735,1.00,1.00
2018.02.02 11:17:44.550,1.53723,1.53742,1.00,2.06
2018.02.02 11:17:44.602,1.53725,1.53742,1.00,1.12
2018.02.02 11:17:45.175,1.53725,1.53743,1.25,1.13
2018.02.02 11:17:45.875,1.53726,1.53744,1.00,1.63
2018.02.02 11:17:45.927,1.53728,1.53746,1.50,1.25
2018.02.02 11:17:46.029,1.5373,1.53748,1.87,1.25
2018.02.02 11:17:46.343,1.53733,1.53751,1.12,1.81
2018.02.02 11:17:46.547,1.53731,1.53749,2.25,1.25
2018.02.02 11:17:46.991,1.53729,1.53746,1.69,1.00
2018.02.02 11:17:47.044,1.53726,1.53745,2.44,2.06
2018.02.02 11:17:47.200,1.53726,1.53743,1.19,1.00
2018.02.02 11:17:47.252,1.53726,1.53743,1.12,1.12
2018.02.02 11:17:48.012,1.53724,1.53743,3.94,1.00
2018.02.02 11:17:48.064,1.53726,1.53745,1.69,1.12
2018.02.02 11:17:48.217,1.53726,1.53743,1.69,1.00
2018.02.02 11:17:48.443,1.53721,1.5374,1.69,2.44
2018.02.02 11:17:48.650,1.53719,1.5374,3.56,2.81
2018.02.02 11:17:49.031,1.53719,1.5374,3.56,2.44
2018.02.02 11:17:49.565,1.5372,1.53738,3.56,1.00
2018.02.02 11:17:49.944,1.5372,1.53738,2.44,1.00
2018.02.02 11:17:51.079,1.5372,1.53738,2.81,1.00
2018.02.02 11:17:51.778,1.53719,1.53738,3.75,1.00
2018.02.02 11:17:51.933,1.53719,1.53738,4.12,1.00
2018.02.02 11:17:52.338,1.53719,1.53735,2.06,1.00
2018.02.02 11:17:52.444,1.53715,1.53733,1.31,1.44
2018.02.02 11:17:53.131,1.53714,1.53733,2.25,1.13
2018.02.02 11:17:53.439,1.53714,1.53732,1.12,2.00
2018.02.02 11:17:53.491,1.53713,1.53732,1.50,1.69
2018.02.02 11:17:53.543,1.53713,1.53731,1.12,1.88
2018.02.02 11:17:53.647,1.53712,1.53731,1.50,2.06
2018.02.02 11:17:54.210,1.53711,1.53731,4.87,2.25
2018.02.02 11:17:54.837,1.53711,1.53731,5.81,2.81
2018.02.02 11:17:55.385,1.53711,1.53731,3.19,3.00
2018.02.02 11:17:55.693,1.53711,1.53729,1.12,1.88
2018.02.02 11:17:56.203,1.53709,1.53728,3.19,1.75
2018.02.02 11:17:57.126,1.53709,1.53728,2.44,1.50
2018.02.02 11:17:57.774,1.53709,1.53728,1.69,1.88
2018.02.02 11:17:58.382,1.53708,1.53725,2.81,1.00
2018.02.02 11:17:58.911,1.53709,1.53726,2.62,1.31
2018.02.02 11:17:59.079,1.53707,1.53726,4.69,1.12
2018.02.02 11:17:59.812,1.53708,1.53726,1.19,1.00
2018.02.02 11:18:00.334,1.53709,1.53728,1.69,1.12
2018.02.02 11:18:00.454,1.53713,1.53731,2.62,1.25
2018.02.02 11:18:02.395,1.53713,1.53732,5.06,1.12
2018.02.02 11:18:03.325,1.53715,1.53733,1.00,1.12
2018.02.02 11:18:03.641,1.53711,1.53729,1.00,1.19
2018.02.02 11:18:03.978,1.53708,1.53726,1.50,1.37
2018.02.02 11:18:04.134,1.53705,1.53724,1.31,1.25
2018.02.02 11:18:04.186,1.53704,1.53722,1.69,1.00
2018.02.02 11:18:04.238,1.53705,1.53724,1.25,1.25
2018.02.02 11:18:04.752,1.53704,1.53724,2.81,1.69
2018.02.02 11:18:06.253,1.53706,1.53725,1.19,1.88
2018.02.02 11:18:06.327,1.53709,1.53726,1.87,1.00
2018.02.02 11:18:06.380,1.53708,1.53724,1.37,1.00
2018.02.02 11:18:06.432,1.53707,1.53724,1.69,1.00
2018.02.02 11:18:06.977,1.53706,1.53723,1.19,1.00
2018.02.02 11:18:07.185,1.53706,1.53725,2.44,1.12
2018.02.02 11:18:07.445,1.53707,1.53727,3.37,2.63
2018.02.02 11:18:07.707,1.53709,1.53729,2.06,1.69
2018.02.02 11:18:07.759,1.53709,1.53728,1.56,1.31
2018.02.02 11:18:08.286,1.53709,1.53729,2.44,2.25
2018.02.02 11:18:08.596,1.5371,1.53729,1.50,1.00
2018.02.02 11:18:09.697,1.5371,1.53729,1.19,1.69
2018.02.02 11:18:10.020,1.53708,1.53727,1.19,2.25
2018.02.02 11:18:13.134,1.53709,1.53727,2.06,1.00
2018.02.02 11:18:13.607,1.53708,1.53725,1.69,1.00
2018.02.02 11:18:14.137,1.53708,1.53726,1.87,1.25
2018.02.02 11:18:14.609,1.53709,1.53727,5.06,1.00
2018.02.02 11:18:15.150,1.5371,1.53728,1.69,1.00
2018.02.02 11:18:16.607,1.5371,1.53728,1.69,1.50
2018.02.02 11:18:16.835,1.53707,1.53725,1.69,1.00
2018.02.02 11:18:16.988,1.53708,1.53726,1.69,1.00
2018.02.02 11:18:17.247,1.53709,1.53728,1.69,1.25
2018.02.02 11:18:17.781,1.5371,1.53728,1.19,1.25
2018.02.02 11:18:18.140,1.53709,1.53725,2.06,1.00
2018.02.02 11:18:18.243,1.53707,1.53723,1.69,1.25
2018.02.02 11:18:20.873,1.53707,1.53723,1.69,1.25
2018.02.02 11:18:21.411,1.53707,1.53722,1.25,1.00
2018.02.02 11:18:22.929,1.53707,1.53726,1.25,1.12
2018.02.02 11:18:22.982,1.53709,1.53727,1.12,1.25
2018.02.02 11:18:23.293,1.53712,1.53727,1.00,1.00
2018.02.02 11:18:23.810,1.53713,1.53729,1.00,1.25
2018.02.02 11:18:24.122,1.5371,1.53727,4.31,1.00
2018.02.02 11:18:24.991,1.53712,1.53729,1.25,1.25
2018.02.02 11:18:25.255,1.53712,1.53731,1.19,3.00
2018.02.02 11:18:25.307,1.53714,1.5373,1.00,1.19
2018.02.02 11:18:25.358,1.53714,1.53731,1.00,1.50
2018.02.02 11:18:25.618,1.53715,1.53729,1.00,1.25
2018.02.02 11:18:25.724,1.53712,1.53729,1.19,1.13
2018.02.02 11:18:25.775,1.53713,1.53727,1.25,1.00
2018.02.02 11:18:25.942,1.53711,1.53728,1.25,1.00
2018.02.02 11:18:26.706,1.53709,1.53728,1.69,1.31
2018.02.02 11:18:27.445,1.53709,1.53728,1.19,1.00
2018.02.02 11:18:28.250,1.53712,1.53728,1.00,1.00
2018.02.02 11:18:28.405,1.53709,1.53728,1.69,1.00
2018.02.02 11:18:28.995,1.53709,1.53728,1.00,1.31
2018.02.02 11:18:30.081,1.53708,1.53728,2.06,1.31
2018.02.02 11:18:30.618,1.53709,1.53728,1.25,1.31
2018.02.02 11:18:31.498,1.53709,1.53728,1.25,1.12
2018.02.02 11:18:32.702,1.53709,1.53728,1.25,1.31
2018.02.02 11:18:33.393,1.53709,1.53728,1.25,1.12
2018.02.02 11:18:35.639,1.53711,1.53729,1.00,1.00
2018.02.02 11:18:35.973,1.53713,1.53731,1.00,1.00
2018.02.02 11:18:36.466,1.53712,1.5373,1.19,2.25
2018.02.02 11:18:36.807,1.53706,1.53723,1.69,1.00
2018.02.02 11:18:36.911,1.53704,1.53724,3.37,2.25
2018.02.02 11:18:37.066,1.53704,1.53722,1.69,1.00
2018.02.02 11:18:37.272,1.53704,1.53722,1.69,1.50
2018.02.02 11:18:39.396,1.53704,1.53724,1.69,1.12
2018.02.02 11:18:40.101,1.53704,1.53724,1.31,1.00
2018.02.02 11:18:40.734,1.53704,1.53724,1.69,1.50
2018.02.02 11:18:41.328,1.53704,1.53724,2.44,1.00
2018.02.02 11:18:42.246,1.53704,1.53723,1.69,1.00
2018.02.02 11:18:42.879,1.53703,1.53723,2.81,1.50
2018.02.02 11:18:43.502,1.53705,1.53724,1.31,1.00
2018.02.02 11:18:44.022,1.53708,1.53726,1.00,1.12
2018.02.02 11:18:44.388,1.53709,1.53728,1.12,1.00
2018.02.02 11:18:44.930,1.5371,1.53728,1.00,1.00
2018.02.02 11:18:45.582,1.5371,1.53729,1.00,1.00
2018.02.02 11:18:52.148,1.53709,1.53727,1.19,1.00
2018.02.02 11:18:52.201,1.53708,1.53726,2.06,1.00
2018.02.02 11:18:52.794,1.53708,1.53727,1.19,1.00
2018.02.02 11:18:53.631,1.53708,1.53727,1.19,1.00
2018.02.02 11:18:53.736,1.53706,1.53726,3.19,2.25
2018.02.02 11:18:53.790,1.53706,1.53724,1.69,1.00
2018.02.02 11:18:53.894,1.53708,1.53726,1.50,1.69
2018.02.02 11:18:54.012,1.53712,1.53726,1.00,1.00
2018.02.02 11:18:54.064,1.53712,1.5373,1.00,1.00
2018.02.02 11:18:54.220,1.53714,1.53733,1.12,2.25
2018.02.02 11:18:54.327,1.53716,1.53736,1.00,2.25
2018.02.02 11:18:54.379,1.53718,1.53736,1.00,1.69
2018.02.02 11:18:54.744,1.53715,1.53734,1.19,1.00
2018.02.02 11:18:55.422,1.53715,1.53733,2.44,1.00
2018.02.02 11:18:55.960,1.53716,1.53733,1.31,1.00
2018.02.02 11:18:56.305,1.53713,1.53731,2.44,1.00
2018.02.02 11:18:57.095,1.53713,1.53731,1.69,1.00
2018.02.02 11:18:57.252,1.53716,1.53735,1.50,2.44
2018.02.02 11:18:57.840,1.53717,1.53736,1.50,1.50
2018.02.02 11:18:58.399,1.53717,1.53735,1.69,1.00
2018.02.02 11:18:58.993,1.53717,1.53736,2.06,1.00
2018.02.02 11:18:59.534,1.53717,1.53735,1.31,1.00
2018.02.02 11:19:00.200,1.53718,1.53736,1.19,1.00
2018.02.02 11:19:02.061,1.53717,1.53735,1.69,1.00
2018.02.02 11:19:02.660,1.53717,1.53734,1.19,1.00
2018.02.02 11:19:02.795,1.53717,1.53729,1.00,1.50
2018.02.02 11:19:02.847,1.53713,1.53728,1.25,1.50
2018.02.02 11:19:02.899,1.53711,1.53725,1.25,1.00
2018.02.02 11:19:02.952,1.53709,1.53725,1.00,2.25
2018.02.02 11:19:03.056,1.53708,1.53723,1.69,1.25
2018.02.02 11:19:03.160,1.53707,1.53725,1.31,2.25
2018.02.02 11:19:03.316,1.53708,1.53725,2.25,1.50
2018.02.02 11:19:07.909,1.53708,1.53726,2.44,1.00
2018.02.02 11:19:11.202,1.53707,1.53727,5.06,1.69
2018.02.02 11:19:11.987,1.53707,1.53726,4.31,1.00
2018.02.02 11:19:12.780,1.53707,1.53727,3.19,2.44
2018.02.02 11:19:13.321,1.53708,1.53726,3.56,1.50
2018.02.02 11:19:14.316,1.53708,1.53726,1.50,1.00
2018.02.02 11:19:15.614,1.53707,1.53723,2.62,1.00
2018.02.02 11:19:15.666,1.53707,1.53725,1.12,1.50
2018.02.02 11:19:15.770,1.53709,1.53726,1.31,1.00
2018.02.02 11:19:15.822,1.53708,1.53728,2.44,1.50
2018.02.02 11:19:16.083,1.53709,1.53724,3.37,1.00
2018.02.02 11:19:16.135,1.53709,1.53727,3.37,1.50
2018.02.02 11:19:16.639,1.53709,1.53726,3.37,1.00
2018.02.02 11:19:17.144,1.53708,1.53726,4.87,1.00
2018.02.02 11:19:20.902,1.5371,1.53726,2.62,1.00
2018.02.02 11:19:21.277,1.53708,1.53723,1.00,1.50
2018.02.02 11:19:21.430,1.53707,1.53725,1.25,1.00
2018.02.02 11:19:21.482,1.53707,1.53726,5.81,3.19
2018.02.02 11:19:21.689,1.53712,1.5373,1.00,1.00
2018.02.02 11:19:21.846,1.53713,1.5373,3.37,1.00
2018.02.02 11:19:22.117,1.53711,1.5373,4.31,1.00
2018.02.02 11:19:22.222,1.5371,1.5373,4.50,2.25
2018.02.02 11:19:22.740,1.5371,1.53729,5.25,1.25
2018.02.02 11:19:23.109,1.53709,1.53726,1.19,1.00
2018.02.02 11:19:25.119,1.53707,1.53725,2.06,1.00
2018.02.02 11:19:25.377,1.53705,1.53723,5.06,1.00
2018.02.02 11:19:25.913,1.53705,1.53724,3.19,1.00
2018.02.02 11:19:26.254,1.53709,1.53728,4.31,1.00
2018.02.02 11:19:26.769,1.5371,1.53729,3.56,1.50
2018.02.02 11:19:27.233,1.53709,1.53729,2.06,1.50
2018.02.02 11:19:27.806,1.53709,1.53728,1.19,1.00
2018.02.02 11:19:27.910,1.53708,1.53726,1.69,1.00
2018.02.02 11:19:28.248,1.53708,1.53726,1.69,1.19
2018.02.02 11:19:30.824,1.5371,1.53729,1.44,1.19
2018.02.02 11:19:30.876,1.53713,1.53731,1.50,1.69
2018.02.02 11:19:31.196,1.53713,1.53732,3.19,1.19
2018.02.02 11:19:31.795,1.53714,1.53733,1.31,1.19
2018.02.02 11:19:31.900,1.53715,1.53734,2.81,1.69
2018.02.02 11:19:32.003,1.53715,1.53734,5.06,1.69
2018.02.02 11:19:32.647,1.53715,1.53734,3.56,1.25
2018.02.02 11:19:33.060,1.53716,1.53733,1.19,1.19
2018.02.02 11:19:33.374,1.53713,1.53729,1.31,1.19
2018.02.02 11:19:34.165,1.53712,1.5373,1.19,2.44
2018.02.02 11:19:34.522,1.53716,1.53732,1.50,1.31
2018.02.02 11:19:35.428,1.53716,1.53732,1.75,1.69
2018.02.02 11:19:35.637,1.53713,1.53731,2.44,1.00
2018.02.02 11:19:36.951,1.53713,1.53731,2.44,1.19
2018.02.02 11:19:38.475,1.53714,1.53732,4.31,1.69
2018.02.02 11:19:38.744,1.53716,1.53734,1.12,1.69
2018.02.02 11:19:39.234,1.53717,1.53736,1.31,1.69
2018.02.02 11:19:40.154,1.53719,1.53736,1.25,1.25
2018.02.02 11:19:42.206,1.53719,1.53735,1.00,1.00
2018.02.02 11:19:42.946,1.53719,1.53736,1.25,1.25
2018.02.02 11:19:43.507,1.53719,1.53736,1.19,1.25
2018.02.02 11:19:47.011,1.5372,1.53737,1.25,1.25
2018.02.02 11:19:47.063,1.53721,1.5374,1.00,4.31
2018.02.02 11:19:47.116,1.53723,1.53739,1.12,2.06
2018.02.02 11:19:47.237,1.53724,1.5374,1.00,1.25
2018.02.02 11:19:47.751,1.53725,1.5374,1.00,1.00
2018.02.02 11:19:48.627,1.53723,1.5374,1.50,1.00
2018.02.02 11:19:49.297,1.53725,1.5374,1.00,1.00
2018.02.02 11:19:49.349,1.53725,1.53742,1.00,1.25
2018.02.02 11:19:49.402,1.53726,1.5374,1.00,1.19
2018.02.02 11:19:49.508,1.53721,1.53735,1.00,1.00
2018.02.02 11:19:49.561,1.53719,1.53734,2.44,2.06
2018.02.02 11:19:49.718,1.53717,1.53734,1.19,2.44
2018.02.02 11:19:50.358,1.53717,1.53733,1.25,1.25
2018.02.02 11:19:50.923,1.53716,1.53733,1.19,2.44
2018.02.02 11:19:51.568,1.53715,1.53733,1.69,2.44
2018.02.02 11:19:51.761,1.53719,1.53735,1.00,1.00
2018.02.02 11:19:51.812,1.53719,1.53736,1.00,1.31
