2012.11.09 16:00:00.421,1.27296,1.27314,1.50,2.29
2012.11.09 16:00:00.941,1.27292,1.27312,1.73,1.50
2012.11.09 16:00:01.444,1.2729,1.2731,3.04,1.50
2012.11.09 16:00:02.051,1.27293,1.27312,1.73,2.25
2012.11.09 16:00:03.207,1.2729,1.27303,1.73,1.32
2012.11.09 16:00:03.283,1.27286,1.27303,2.22,2.29
2012.11.09 16:00:03.350,1.27284,1.27303,2.25,2.29
2012.11.09 16:00:03.877,1.27284,1.27301,1.50,1.73
2012.11.09 16:00:03.958,1.27284,1.27299,1.50,1.73
2012.11.09 16:00:04.223,1.27277,1.27296,1.73,1.32
2012.11.09 16:00:04.412,1.27279,1.27296,1.50,1.54
2012.11.09 16:00:04.600,1.27279,1.27296,1.73,1.32
2012.11.09 16:00:04.950,1.27276,1.27296,1.73,1.32
2012.11.09 16:00:05.012,1.27276,1.27296,1.50,1.54
2012.11.09 16:00:05.271,1.27279,1.27296,1.73,1.32
2012.11.09 16:00:05.899,1.2728,1.27298,1.50,2.29
2012.11.09 16:00:06.451,1.27279,1.27294,1.73,1.32
2012.11.09 16:00:07.224,1.27276,1.27294,1.50,1.54
2012.11.09 16:00:07.304,1.27278,1.27296,1.50,2.29
2012.11.09 16:00:07.374,1.27278,1.27296,1.73,2.29
2012.11.09 16:00:07.441,1.27281,1.27297,1.50,1.54
2012.11.09 16:00:07.951,1.27284,1.273,1.73,1.50
2012.11.09 16:00:08.472,1.27277,1.27295,2.48,1.32
2012.11.09 16:00:08.542,1.27277,1.27295,3.23,1.47
2012.11.09 16:00:08.613,1.27277,1.27295,1.73,2.07
2012.11.09 16:00:08.921,1.27279,1.27295,1.88,1.54
2012.11.09 16:00:09.049,1.27277,1.27295,2.25,1.54
2012.11.09 16:00:09.289,1.27277,1.27295,2.25,1.54
2012.11.09 16:00:09.413,1.27277,1.27294,1.50,1.73
2012.11.09 16:00:09.602,1.27277,1.27293,1.50,1.50
2012.11.09 16:00:10.102,1.27274,1.27293,1.73,1.50
2012.11.09 16:00:10.171,1.27273,1.27292,2.29,3.00
2012.11.09 16:00:10.692,1.27273,1.27292,2.29,2.25
2012.11.09 16:00:11.061,1.27274,1.27293,1.73,1.50
2012.11.09 16:00:12.291,1.27276,1.27292,1.54,2.25
2012.11.09 16:00:13.034,1.27274,1.27293,1.73,1.73
2012.11.09 16:00:13.590,1.27274,1.27292,1.73,1.50
2012.11.09 16:00:13.770,1.27274,1.27292,1.73,1.50
2012.11.09 16:00:14.320,1.27274,1.27294,1.73,2.48
2012.11.09 16:00:15.487,1.27274,1.27294,1.73,2.48
2012.11.09 16:00:15.557,1.27277,1.27294,1.50,1.73
2012.11.09 16:00:15.626,1.2728,1.27295,1.32,1.73
2012.11.09 16:00:16.233,1.2728,1.273,1.54,1.73
2012.11.09 16:00:16.622,1.2728,1.273,1.54,1.50
2012.11.09 16:00:17.248,1.27282,1.27301,2.48,1.50
2012.11.09 16:00:17.328,1.27282,1.27299,1.73,1.35
2012.11.09 16:00:17.834,1.2728,1.27298,1.54,1.35
2012.11.09 16:00:18.380,1.27283,1.27299,1.54,1.50
2012.11.09 16:00:18.621,1.27283,1.273,1.54,1.50
2012.11.09 16:00:19.371,1.27283,1.27301,1.54,2.25
2012.11.09 16:00:19.700,1.2728,1.273,1.73,2.48
2012.11.09 16:00:19.920,1.2728,1.273,2.29,2.48
2012.11.09 16:00:20.222,1.27283,1.27301,1.54,2.25
2012.11.09 16:00:21.030,1.27284,1.27304,1.73,1.73
2012.11.09 16:00:21.271,1.27283,1.27302,1.54,1.50
2012.11.09 16:00:21.580,1.27283,1.27301,1.54,1.50
2012.11.09 16:00:21.939,1.27278,1.27295,1.50,1.54
2012.11.09 16:00:23.120,1.2728,1.27295,1.50,1.54
2012.11.09 16:00:23.181,1.27283,1.27298,1.54,1.50
2012.11.09 16:00:23.250,1.27283,1.27299,1.54,1.50
2012.11.09 16:00:23.371,1.27282,1.27299,1.73,2.07
2012.11.09 16:00:23.622,1.27279,1.27295,1.50,1.54
2012.11.09 16:00:25.070,1.27278,1.27295,1.50,1.54
2012.11.09 16:00:25.913,1.2728,1.27295,1.50,1.54
2012.11.09 16:00:26.110,1.27284,1.273,1.54,1.50
2012.11.09 16:00:26.780,1.27284,1.27303,2.29,1.73
2012.11.09 16:00:27.736,1.27284,1.27302,3.04,1.50
2012.11.09 16:00:27.813,1.27284,1.27301,1.54,1.50
2012.11.09 16:00:28.629,1.27282,1.273,1.54,1.50
2012.11.09 16:00:28.881,1.27276,1.27294,1.50,1.54
2012.11.09 16:00:29.250,1.27278,1.27297,1.73,1.73
2012.11.09 16:00:30.651,1.27276,1.27294,2.29,2.25
2012.11.09 16:00:31.110,1.27276,1.27294,2.25,1.73
2012.11.09 16:00:31.640,1.27278,1.27298,2.25,1.73
2012.11.09 16:00:31.699,1.27278,1.27297,1.73,1.73
2012.11.09 16:00:32.231,1.27276,1.27295,2.07,1.73
2012.11.09 16:00:32.440,1.27276,1.27294,1.32,1.73
2012.11.09 16:00:32.911,1.27274,1.27294,2.07,1.73
2012.11.09 16:00:34.280,1.27274,1.27294,1.50,3.23
2012.11.09 16:00:34.673,1.27273,1.2729,1.54,1.50
2012.11.09 16:00:35.004,1.27286,1.27294,1.54,1.50
2012.11.09 16:00:35.251,1.27286,1.27305,3.04,1.73
2012.11.09 16:00:35.731,1.27289,1.27306,1.50,1.73
2012.11.09 16:00:35.802,1.27289,1.27307,1.73,1.50
2012.11.09 16:00:35.872,1.2729,1.27309,1.50,2.29
2012.11.09 16:00:35.942,1.2729,1.27308,1.50,1.73
2012.11.09 16:00:36.500,1.27288,1.27306,1.73,1.50
2012.11.09 16:00:36.860,1.27285,1.27304,2.29,1.50
2012.11.09 16:00:37.162,1.2729,1.27308,1.73,1.50
2012.11.09 16:00:37.690,1.27291,1.27306,1.54,1.35
2012.11.09 16:00:37.810,1.27288,1.27305,2.29,1.50
2012.11.09 16:00:38.083,1.27288,1.27305,1.50,1.73
2012.11.09 16:00:38.157,1.27288,1.27303,1.50,1.73
2012.11.09 16:00:39.051,1.27285,1.27303,1.54,2.25
2012.11.09 16:00:39.131,1.27284,1.27303,1.32,2.48
2012.11.09 16:00:39.409,1.27282,1.27301,1.54,2.48
2012.11.09 16:00:39.902,1.27284,1.27302,1.50,3.04
2012.11.09 16:00:40.341,1.27287,1.27305,1.73,1.99
2012.11.09 16:00:41.075,1.27281,1.27302,2.29,1.54
2012.11.09 16:00:41.360,1.27281,1.27302,2.29,2.29
2012.11.09 16:00:42.861,1.27281,1.27301,1.73,3.23
2012.11.09 16:00:43.170,1.27278,1.27297,1.50,1.54
2012.11.09 16:00:43.549,1.27278,1.27298,1.50,1.54
2012.11.09 16:00:45.374,1.27278,1.27298,1.50,1.54
2012.11.09 16:00:45.680,1.27286,1.27303,1.73,1.32
2012.11.09 16:00:45.743,1.27286,1.27303,1.73,1.32
2012.11.09 16:00:46.232,1.27283,1.27302,1.54,1.50
2012.11.09 16:00:46.300,1.27282,1.27302,2.48,1.73
2012.11.09 16:00:46.801,1.27282,1.27302,2.25,2.33
2012.11.09 16:00:47.349,1.27282,1.27302,1.50,2.33
2012.11.09 16:00:47.712,1.27277,1.27294,2.25,1.54
2012.11.09 16:00:47.782,1.27277,1.27294,1.50,1.54
2012.11.09 16:00:48.171,1.27274,1.27293,2.29,1.50
2012.11.09 16:00:48.661,1.27277,1.27294,1.54,1.50
2012.11.09 16:00:48.972,1.27275,1.27294,2.85,1.73
2012.11.09 16:00:49.040,1.27275,1.27296,1.54,3.23
2012.11.09 16:00:49.592,1.27277,1.27296,1.32,1.73
2012.11.09 16:00:50.402,1.27279,1.27296,1.35,1.73
2012.11.09 16:00:50.942,1.27281,1.27299,1.50,1.73
2012.11.09 16:00:51.012,1.27281,1.27299,1.73,1.50
2012.11.09 16:00:51.522,1.27283,1.27301,1.50,1.73
2012.11.09 16:00:51.590,1.27284,1.27303,1.50,1.54
2012.11.09 16:00:51.711,1.27284,1.27303,2.25,1.54
2012.11.09 16:00:52.021,1.27288,1.27307,1.73,1.73
2012.11.09 16:00:52.151,1.27288,1.27303,1.73,1.50
2012.11.09 16:00:52.483,1.2728,1.27302,3.23,3.00
2012.11.09 16:00:52.800,1.27279,1.27297,1.50,2.29
2012.11.09 16:00:53.351,1.2728,1.27297,1.50,1.54
2012.11.09 16:00:53.544,1.27284,1.27302,2.48,1.32
2012.11.09 16:00:54.099,1.27285,1.27303,2.48,1.54
2012.11.09 16:00:54.290,1.27282,1.27301,2.25,1.73
2012.11.09 16:00:54.591,1.27277,1.27294,1.50,1.54
2012.11.09 16:00:54.916,1.27279,1.27296,1.50,1.54
2012.11.09 16:00:55.020,1.27279,1.27296,1.50,1.54
2012.11.09 16:00:55.461,1.27275,1.27291,1.50,1.73
2012.11.09 16:00:55.530,1.27272,1.27291,1.50,2.48
2012.11.09 16:00:55.721,1.27273,1.27291,1.32,1.73
2012.11.09 16:00:55.791,1.27273,1.27291,1.54,1.50
2012.11.09 16:00:55.983,1.27273,1.2729,1.54,1.50
2012.11.09 16:00:56.493,1.27269,1.2729,1.73,2.07
2012.11.09 16:00:56.560,1.27269,1.2729,1.50,2.29
2012.11.09 16:00:56.739,1.27268,1.27289,1.50,1.73
2012.11.09 16:00:58.301,1.27267,1.27289,4.32,1.73
2012.11.09 16:00:58.860,1.27267,1.27289,4.54,1.73
2012.11.09 16:00:59.218,1.27268,1.27289,1.73,1.73
2012.11.09 16:00:59.824,1.27268,1.27286,1.32,1.73
2012.11.09 16:00:59.960,1.27267,1.27288,2.48,1.73
2012.11.09 16:01:00.141,1.27267,1.27284,1.73,1.32
2012.11.09 16:01:00.281,1.27267,1.27284,1.50,1.54
2012.11.09 16:01:00.821,1.27266,1.27284,1.50,1.54
2012.11.09 16:01:01.070,1.27269,1.27288,1.50,2.29
2012.11.09 16:01:01.190,1.27269,1.27288,1.73,2.29
2012.11.09 16:01:01.374,1.27269,1.27288,1.50,1.73
2012.11.09 16:01:01.501,1.27269,1.27288,1.73,1.73
2012.11.09 16:01:01.742,1.27267,1.27287,2.29,1.73
2012.11.09 16:01:02.767,1.27266,1.27286,2.25,2.48
2012.11.09 16:01:03.326,1.27264,1.27283,1.73,1.73
2012.11.09 16:01:03.879,1.27265,1.27286,1.73,2.48
2012.11.09 16:01:04.199,1.27275,1.27289,1.54,1.50
2012.11.09 16:01:04.320,1.27275,1.27292,1.54,5.25
2012.11.09 16:01:04.630,1.27276,1.27295,1.73,1.50
2012.11.09 16:01:06.479,1.27276,1.27295,1.73,1.73
2012.11.09 16:01:06.781,1.27278,1.27298,1.73,2.25
2012.11.09 16:01:08.030,1.2728,1.27299,1.73,2.25
2012.11.09 16:01:09.550,1.27281,1.27301,1.73,3.23
2012.11.09 16:01:10.183,1.27281,1.27301,1.73,2.48
2012.11.09 16:01:10.872,1.2728,1.27299,1.54,1.50
2012.11.09 16:01:11.410,1.2728,1.27297,1.32,2.25
2012.11.09 16:01:11.740,1.2728,1.27296,1.32,1.73
2012.11.09 16:01:12.054,1.2728,1.27295,1.32,1.50
2012.11.09 16:01:12.822,1.2728,1.27295,1.32,1.50
2012.11.09 16:01:13.080,1.27278,1.27299,1.73,1.73
2012.11.09 16:01:13.700,1.27276,1.27297,2.48,2.29
2012.11.09 16:01:14.020,1.27275,1.27294,2.25,1.73
2012.11.09 16:01:16.101,1.27275,1.27294,1.50,1.73
2012.11.09 16:01:16.290,1.27278,1.27297,1.54,2.25
2012.11.09 16:01:19.237,1.27278,1.27297,1.54,1.73
2012.11.09 16:01:19.510,1.27273,1.27294,2.48,1.50
2012.11.09 16:01:19.870,1.27269,1.27289,2.25,2.29
2012.11.09 16:01:19.991,1.27269,1.27287,1.50,1.73
2012.11.09 16:01:20.181,1.27266,1.27286,2.48,2.48
2012.11.09 16:01:20.444,1.27266,1.27286,1.50,1.73
2012.11.09 16:01:21.062,1.27266,1.27286,1.73,1.73
2012.11.09 16:01:21.143,1.27268,1.27287,2.25,1.73
2012.11.09 16:01:21.848,1.27271,1.27289,1.73,1.32
2012.11.09 16:01:22.186,1.27275,1.27292,2.25,1.88
2012.11.09 16:01:22.491,1.27284,1.27297,1.54,1.50
2012.11.09 16:01:22.859,1.27284,1.27298,2.29,1.32
2012.11.09 16:01:23.360,1.27289,1.273,1.50,1.32
2012.11.09 16:01:23.422,1.27289,1.27308,1.50,1.73
2012.11.09 16:01:23.921,1.27287,1.27306,1.73,1.50
2012.11.09 16:01:28.693,1.2729,1.2731,1.50,1.73
2012.11.09 16:01:28.980,1.27285,1.27306,4.54,1.32
2012.11.09 16:01:29.045,1.27285,1.27306,3.57,1.54
2012.11.09 16:01:29.523,1.27285,1.27301,1.50,1.54
2012.11.09 16:01:29.590,1.27284,1.27301,2.25,1.54
2012.11.09 16:01:29.830,1.27285,1.27305,1.50,1.54
2012.11.09 16:01:31.423,1.27285,1.27304,1.32,2.48
2012.11.09 16:01:31.610,1.27287,1.27305,1.73,1.73
2012.11.09 16:01:31.789,1.27287,1.27304,1.73,1.50
2012.11.09 16:01:31.910,1.27287,1.27304,1.73,1.50
2012.11.09 16:01:31.974,1.27285,1.27304,1.73,1.50
2012.11.09 16:01:32.041,1.27283,1.27303,1.32,1.73
2012.11.09 16:01:33.551,1.27282,1.27302,2.25,1.54
2012.11.09 16:01:33.620,1.27282,1.27302,2.25,1.54
2012.11.09 16:01:33.871,1.27282,1.27303,2.82,2.48
2012.11.09 16:01:34.191,1.27284,1.27303,1.32,2.48
2012.11.09 16:01:34.521,1.27285,1.27305,1.50,2.48
2012.11.09 16:01:34.591,1.27288,1.27306,1.50,2.48
2012.11.09 16:01:35.132,1.27288,1.27308,1.73,1.73
2012.11.09 16:01:37.460,1.27292,1.27311,2.25,1.73
2012.11.09 16:01:38.011,1.27294,1.27312,1.50,1.54
2012.11.09 16:01:38.211,1.27292,1.27305,1.13,1.50
2012.11.09 16:01:38.341,1.27291,1.27305,1.13,1.73
2012.11.09 16:01:38.471,1.27289,1.27307,2.25,1.73
2012.11.09 16:01:38.795,1.2729,1.27309,1.50,1.58
2012.11.09 16:01:39.099,1.2729,1.2731,1.50,1.73
2012.11.09 16:01:39.532,1.27289,1.27308,1.50,1.73
2012.11.09 16:01:39.663,1.27287,1.27307,1.54,1.50
2012.11.09 16:01:40.364,1.27287,1.27308,2.07,2.48
2012.11.09 16:01:40.680,1.27296,1.27309,1.54,1.50
2012.11.09 16:01:40.922,1.27296,1.27314,1.54,1.73
2012.11.09 16:01:41.610,1.27296,1.27314,1.54,1.73
2012.11.09 16:01:43.179,1.27294,1.27312,1.73,1.50
2012.11.09 16:01:43.542,1.27295,1.27314,1.50,1.54
2012.11.09 16:01:43.929,1.27295,1.27312,1.50,1.73
2012.11.09 16:01:44.052,1.27291,1.27312,2.48,2.48
2012.11.09 16:01:44.361,1.27295,1.27314,2.29,2.48
2012.11.09 16:01:46.324,1.27296,1.27314,1.54,2.25
2012.11.09 16:01:46.671,1.27296,1.27314,1.54,2.25
2012.11.09 16:01:47.171,1.27302,1.27314,1.32,1.50
2012.11.09 16:01:47.301,1.27303,1.27319,1.50,1.73
2012.11.09 16:01:47.361,1.27303,1.27322,2.48,1.73
2012.11.09 16:01:47.540,1.27302,1.2732,1.50,2.29
2012.11.09 16:01:48.510,1.27301,1.2732,1.50,2.29
2012.11.09 16:01:48.871,1.27301,1.2732,1.50,2.29
2012.11.09 16:01:49.223,1.273,1.27319,1.50,2.48
2012.11.09 16:01:51.092,1.27301,1.2732,1.50,1.73
2012.11.09 16:01:51.160,1.27303,1.2732,1.32,2.48
2012.11.09 16:01:51.461,1.27302,1.2732,1.73,1.50
2012.11.09 16:01:51.530,1.27301,1.2732,2.25,1.73
2012.11.09 16:01:53.159,1.27301,1.2732,2.25,2.48
2012.11.09 16:01:53.840,1.27301,1.2732,2.25,3.23
2012.11.09 16:01:55.485,1.27301,1.2732,1.50,3.23
2012.11.09 16:01:56.502,1.27301,1.2732,2.48,3.23
2012.11.09 16:01:56.900,1.27301,1.27317,1.73,1.32
2012.11.09 16:01:57.210,1.27297,1.27311,1.73,1.32
2012.11.09 16:01:57.570,1.27294,1.27311,1.73,1.50
2012.11.09 16:01:57.869,1.27293,1.2731,1.73,1.32
2012.11.09 16:01:57.930,1.2729,1.2731,1.50,1.54
2012.11.09 16:01:59.960,1.27289,1.27305,2.48,1.32
2012.11.09 16:02:00.022,1.27288,1.27305,1.50,2.29
2012.11.09 16:02:00.732,1.27286,1.27305,1.50,2.29
2012.11.09 16:02:05.646,1.27288,1.27306,1.50,1.73
2012.11.09 16:02:05.830,1.27288,1.27306,1.50,1.73
2012.11.09 16:02:06.000,1.27288,1.27306,1.50,1.73
2012.11.09 16:02:08.260,1.27286,1.27305,1.50,3.23
2012.11.09 16:02:08.812,1.27286,1.27305,1.50,3.23
2012.11.09 16:02:10.139,1.27286,1.27305,1.50,3.23
2012.11.09 16:02:10.790,1.27286,1.27305,1.50,2.48
2012.11.09 16:02:11.031,1.27291,1.27308,1.50,1.73
2012.11.09 16:02:11.553,1.27291,1.27308,1.73,1.50
2012.11.09 16:02:12.099,1.27292,1.27309,1.13,1.73
2012.11.09 16:02:13.672,1.27293,1.27311,1.50,1.54
2012.11.09 16:02:14.315,1.27293,1.27312,1.50,3.04
2012.11.09 16:02:14.819,1.27293,1.27312,1.50,2.48
2012.11.09 16:02:15.479,1.27293,1.27312,1.73,1.50
2012.11.09 16:02:15.663,1.27294,1.27315,3.00,1.73
2012.11.09 16:02:16.179,1.27296,1.27315,1.50,1.73
2012.11.09 16:02:19.278,1.27297,1.27315,1.50,2.48
2012.11.09 16:02:21.112,1.27298,1.27316,2.82,2.48
2012.11.09 16:02:21.300,1.27301,1.27318,1.50,1.73
2012.11.09 16:02:21.682,1.27301,1.27319,3.23,1.50
2012.11.09 16:02:22.010,1.27301,1.27317,2.25,1.73
2012.11.09 16:02:22.191,1.27299,1.27316,1.50,1.73
2012.11.09 16:02:22.516,1.27298,1.27316,2.07,1.73
2012.11.09 16:02:22.699,1.27295,1.27312,2.07,1.54
2012.11.09 16:02:22.759,1.27295,1.27312,2.07,1.54
2012.11.09 16:02:22.940,1.27295,1.27314,2.48,2.29
2012.11.09 16:02:23.512,1.27295,1.27314,2.48,1.73
2012.11.09 16:02:24.003,1.27295,1.27312,1.50,1.54
2012.11.09 16:02:24.071,1.27295,1.27312,1.50,1.54
2012.11.09 16:02:24.146,1.27296,1.27314,1.32,1.73
2012.11.09 16:02:24.491,1.27302,1.27316,1.50,1.73
2012.11.09 16:02:24.564,1.27302,1.27316,2.25,1.73
2012.11.09 16:02:24.763,1.27303,1.27322,1.50,2.29
2012.11.09 16:02:24.890,1.27302,1.27321,1.73,1.73
2012.11.09 16:02:25.012,1.27299,1.2732,3.04,1.73
2012.11.09 16:02:25.522,1.273,1.27317,1.50,1.50
2012.11.09 16:02:25.832,1.27303,1.27318,1.50,1.73
2012.11.09 16:02:26.081,1.27303,1.27323,1.50,2.29
2012.11.09 16:02:26.348,1.27303,1.27322,1.50,1.73
2012.11.09 16:02:26.911,1.273,1.27318,1.54,1.50
2012.11.09 16:02:27.161,1.273,1.27319,1.88,2.29
2012.11.09 16:02:27.490,1.27301,1.27319,1.50,2.29
2012.11.09 16:02:27.610,1.27301,1.27319,2.25,1.54
2012.11.09 16:02:28.436,1.27306,1.27322,1.50,1.73
2012.11.09 16:02:28.512,1.27303,1.27322,1.50,3.04
2012.11.09 16:02:28.703,1.273,1.27319,1.73,1.73
2012.11.09 16:02:30.531,1.27298,1.27318,2.48,2.25
2012.11.09 16:02:30.902,1.27296,1.27315,2.48,1.73
2012.11.09 16:02:31.210,1.27296,1.27314,1.50,1.73
2012.11.09 16:02:31.512,1.27302,1.27317,1.50,1.54
2012.11.09 16:02:31.971,1.27302,1.27317,1.50,1.54
2012.11.09 16:02:32.170,1.27302,1.27318,1.50,1.73
2012.11.09 16:02:32.701,1.27299,1.27318,1.73,2.25
2012.11.09 16:02:33.341,1.27299,1.27318,1.73,2.25
2012.11.09 16:02:33.865,1.27299,1.27318,1.73,2.25
2012.11.09 16:02:35.402,1.27311,1.27321,1.50,1.73
2012.11.09 16:02:35.720,1.27312,1.27327,2.48,1.95
2012.11.09 16:02:35.779,1.27312,1.27327,2.48,1.20
2012.11.09 16:02:36.079,1.27312,1.27331,2.48,1.50
2012.11.09 16:02:36.511,1.2731,1.27327,1.73,1.32
2012.11.09 16:02:36.689,1.27307,1.27325,1.73,1.73
2012.11.09 16:02:37.657,1.27306,1.27325,1.73,1.50
2012.11.09 16:02:37.830,1.27307,1.27325,1.54,1.50
2012.11.09 16:02:38.071,1.2731,1.27328,1.73,1.54
2012.11.09 16:02:38.203,1.2731,1.27328,1.50,1.54
2012.11.09 16:02:38.331,1.2731,1.27328,1.73,1.32
2012.11.09 16:02:39.199,1.27308,1.27329,1.73,3.23
2012.11.09 16:02:39.445,1.27312,1.27329,1.32,3.23
2012.11.09 16:02:39.821,1.27309,1.27328,1.73,1.50
2012.11.09 16:02:40.801,1.27308,1.27328,1.73,1.50
2012.11.09 16:02:41.109,1.27312,1.27329,1.54,1.50
2012.11.09 16:02:41.781,1.27311,1.27325,1.54,1.50
2012.11.09 16:02:41.859,1.27303,1.27324,3.23,3.04
2012.11.09 16:02:41.926,1.27313,1.27324,1.50,1.54
2012.11.09 16:02:42.063,1.27314,1.27327,1.73,1.50
2012.11.09 16:02:42.130,1.27316,1.27332,1.73,1.50
2012.11.09 16:02:42.370,1.27316,1.27335,2.48,1.50
2012.11.09 16:02:42.551,1.27315,1.27335,1.73,2.25
2012.11.09 16:02:42.800,1.27314,1.27333,1.50,1.73
2012.11.09 16:02:43.160,1.27314,1.27331,1.50,1.73
2012.11.09 16:02:43.280,1.27314,1.27333,1.50,1.73
2012.11.09 16:02:43.339,1.27315,1.27334,1.50,3.79
2012.11.09 16:02:44.040,1.27313,1.27333,2.48,1.73
2012.11.09 16:02:44.580,1.27313,1.27331,1.73,1.50
2012.11.09 16:02:44.700,1.2731,1.27331,1.73,2.25
2012.11.09 16:02:45.066,1.27307,1.27327,1.73,1.32
2012.11.09 16:02:45.299,1.2731,1.27329,1.54,1.50
2012.11.09 16:02:45.841,1.2731,1.27327,1.54,1.50
2012.11.09 16:02:46.140,1.27314,1.27332,1.50,1.50
2012.11.09 16:02:46.500,1.27314,1.27333,1.50,1.54
2012.11.09 16:02:47.070,1.27314,1.27333,1.50,1.54
2012.11.09 16:02:47.611,1.27314,1.2733,1.50,2.10
2012.11.09 16:02:47.910,1.27305,1.27323,1.50,2.29
2012.11.09 16:02:48.030,1.27307,1.27326,1.73,2.48
2012.11.09 16:02:49.212,1.27307,1.27326,1.73,1.73
2012.11.09 16:02:49.380,1.27307,1.27325,1.73,1.32
2012.11.09 16:02:49.961,1.27307,1.27326,1.73,1.73
2012.11.09 16:02:50.533,1.27307,1.27326,1.73,1.73
2012.11.09 16:02:51.814,1.27306,1.27324,1.50,1.73
2012.11.09 16:02:52.144,1.27305,1.2732,1.73,2.07
2012.11.09 16:02:52.673,1.27304,1.27321,2.48,1.50
2012.11.09 16:02:52.979,1.27308,1.27327,1.73,3.75
2012.11.09 16:02:53.100,1.27309,1.27327,1.73,2.25
2012.11.09 16:02:53.629,1.27309,1.27327,1.50,1.73
2012.11.09 16:02:53.690,1.27308,1.27328,1.50,2.29
2012.11.09 16:02:54.223,1.27308,1.27328,1.73,1.50
2012.11.09 16:02:55.186,1.27309,1.27328,1.73,1.73
2012.11.09 16:02:55.759,1.27309,1.27327,1.73,1.50
2012.11.09 16:02:55.884,1.27306,1.27323,1.54,1.73
2012.11.09 16:02:55.949,1.27303,1.27323,2.29,2.48
2012.11.09 16:02:56.129,1.27303,1.27322,1.50,1.73
2012.11.09 16:02:56.502,1.27301,1.27322,1.73,3.23
2012.11.09 16:02:57.063,1.27305,1.27322,1.50,1.73
2012.11.09 16:02:57.391,1.27305,1.27324,1.50,1.54
2012.11.09 16:02:57.514,1.27305,1.27324,1.73,1.32
2012.11.09 16:02:57.582,1.27305,1.27324,1.50,1.54
2012.11.09 16:02:58.340,1.27306,1.27324,1.50,1.54
2012.11.09 16:02:59.228,1.27303,1.27324,2.48,2.29
2012.11.09 16:02:59.736,1.27303,1.27324,2.48,2.29
2012.11.09 16:03:01.053,1.27303,1.27322,1.73,2.48
2012.11.09 16:03:01.406,1.273,1.27319,1.13,2.29
2012.11.09 16:03:01.473,1.273,1.27319,1.13,2.29
2012.11.09 16:03:01.543,1.27301,1.27319,1.50,1.54
2012.11.09 16:03:02.103,1.27301,1.27322,3.98,2.85
2012.11.09 16:03:02.289,1.27301,1.27322,3.23,3.04
2012.11.09 16:03:02.350,1.27301,1.27322,3.23,2.48
2012.11.09 16:03:02.910,1.273,1.27321,2.29,2.25
2012.11.09 16:03:03.090,1.273,1.27321,2.29,2.48
2012.11.09 16:03:03.150,1.273,1.27319,1.54,1.73
2012.11.09 16:03:03.462,1.273,1.2732,1.92,1.73
2012.11.09 16:03:04.300,1.273,1.27319,1.92,1.73
2012.11.09 16:03:04.660,1.27296,1.27314,1.73,1.50
2012.11.09 16:03:04.940,1.27294,1.27314,2.48,2.48
2012.11.09 16:03:06.181,1.27293,1.27312,1.73,1.50
2012.11.09 16:03:06.372,1.27292,1.2731,1.73,1.50
2012.11.09 16:03:06.712,1.27294,1.27312,1.50,1.73
2012.11.09 16:03:06.784,1.27294,1.27314,1.73,2.29
2012.11.09 16:03:07.578,1.27295,1.27314,1.50,2.29
2012.11.09 16:03:09.254,1.27295,1.27314,1.73,2.29
2012.11.09 16:03:10.830,1.27295,1.27314,1.73,1.73
2012.11.09 16:03:10.950,1.27297,1.27316,1.50,3.23
2012.11.09 16:03:11.254,1.27303,1.27319,1.50,2.29
2012.11.09 16:03:11.320,1.27303,1.27319,1.50,2.29
2012.11.09 16:03:12.391,1.27304,1.27318,1.50,1.32
2012.11.09 16:03:12.571,1.27305,1.2732,1.73,1.50
2012.11.09 16:03:12.910,1.27308,1.27326,1.73,1.32
2012.11.09 16:03:12.970,1.27308,1.27326,2.48,1.32
2012.11.09 16:03:13.092,1.27311,1.27326,1.50,1.32
2012.11.09 16:03:15.161,1.27311,1.2733,1.73,1.32
2012.11.09 16:03:15.280,1.27311,1.27331,2.48,2.29
2012.11.09 16:03:15.500,1.27312,1.27331,1.73,1.54
2012.11.09 16:03:15.861,1.27318,1.27336,1.73,1.73
2012.11.09 16:03:15.931,1.27318,1.27336,1.73,1.73
2012.11.09 16:03:17.671,1.27319,1.27338,2.25,1.54
2012.11.09 16:03:17.792,1.27321,1.27342,1.73,2.48
2012.11.09 16:03:18.411,1.27321,1.27342,2.48,1.73
2012.11.09 16:03:19.581,1.27323,1.27342,1.73,1.50
2012.11.09 16:03:20.263,1.27323,1.2734,1.73,1.50
2012.11.09 16:03:20.939,1.27323,1.27342,1.73,1.50
2012.11.09 16:03:22.270,1.27323,1.27344,2.48,3.23
2012.11.09 16:03:22.701,1.27323,1.27343,1.50,1.73
2012.11.09 16:03:23.070,1.27323,1.27342,2.48,1.50
2012.11.09 16:03:23.490,1.27321,1.27341,3.04,2.48
2012.11.09 16:03:23.642,1.27321,1.27341,3.04,2.48
2012.11.09 16:03:25.217,1.27321,1.27339,1.73,1.54
2012.11.09 16:03:29.456,1.27321,1.2734,1.50,1.54
2012.11.09 16:03:29.640,1.27322,1.2734,1.73,1.32
2012.11.09 16:03:30.912,1.27323,1.27342,2.48,1.13
2012.11.09 16:03:30.981,1.27323,1.27343,2.48,1.54
2012.11.09 16:03:31.510,1.27323,1.27344,1.73,2.48
2012.11.09 16:03:31.603,1.27322,1.27343,2.48,2.48
2012.11.09 16:03:31.729,1.27324,1.27344,1.73,2.48
2012.11.09 16:03:32.129,1.27324,1.27344,1.50,2.48
2012.11.09 16:03:32.732,1.27324,1.27344,1.73,1.73
2012.11.09 16:03:32.920,1.27324,1.27343,1.50,1.73
2012.11.09 16:03:33.273,1.27321,1.27342,3.98,2.48
2012.11.09 16:03:33.880,1.27321,1.27341,2.25,1.73
2012.11.09 16:03:34.393,1.27321,1.2734,1.50,2.29
2012.11.09 16:03:34.977,1.27325,1.27341,1.73,1.50
2012.11.09 16:03:35.230,1.27324,1.2734,1.50,1.54
2012.11.09 16:03:35.503,1.27321,1.2734,1.73,1.54
2012.11.09 16:03:36.322,1.27321,1.27338,1.73,3.23
2012.11.09 16:03:36.852,1.27319,1.27335,1.50,1.54
2012.11.09 16:03:37.551,1.27319,1.27339,3.23,2.29
2012.11.09 16:03:37.901,1.27324,1.27339,1.50,1.54
2012.11.09 16:03:38.090,1.27324,1.27341,1.73,2.25
2012.11.09 16:03:38.390,1.27326,1.27345,2.48,3.00
2012.11.09 16:03:38.991,1.27326,1.27345,2.48,1.50
2012.11.09 16:03:39.169,1.27326,1.27344,2.48,1.50
2012.11.09 16:03:39.677,1.27326,1.27342,2.48,1.50
2012.11.09 16:03:40.680,1.27326,1.27342,1.73,2.07
2012.11.09 16:03:40.801,1.27322,1.27341,2.48,1.73
2012.11.09 16:03:40.860,1.27322,1.27341,1.73,1.73
2012.11.09 16:03:41.401,1.27321,1.27341,2.48,2.48
2012.11.09 16:03:41.753,1.27319,1.27335,2.25,1.54
2012.11.09 16:03:42.482,1.27326,1.2734,2.48,1.80
2012.11.09 16:03:43.071,1.27326,1.27344,2.48,1.50
2012.11.09 16:03:45.360,1.27326,1.27344,2.48,2.25
2012.11.09 16:03:48.191,1.27326,1.27344,1.73,3.00
2012.11.09 16:03:48.313,1.27326,1.27344,1.73,3.00
2012.11.09 16:03:49.240,1.27325,1.27343,2.48,1.50
2012.11.09 16:03:53.541,1.27323,1.27342,1.73,1.50
2012.11.09 16:03:54.191,1.27323,1.27342,1.73,1.50
2012.11.09 16:03:54.260,1.27322,1.27342,2.48,2.25
2012.11.09 16:03:54.621,1.27322,1.27335,1.73,1.50
2012.11.09 16:03:54.682,1.27319,1.27335,1.50,1.50
2012.11.09 16:03:54.822,1.27315,1.27334,1.54,1.50
2012.11.09 16:03:55.010,1.27314,1.27333,2.48,1.50
2012.11.09 16:03:55.313,1.27314,1.2733,1.73,1.50
2012.11.09 16:03:55.381,1.27314,1.27332,3.00,2.25
2012.11.09 16:03:55.571,1.27319,1.27335,1.50,2.48
2012.11.09 16:03:56.080,1.27321,1.2734,3.23,2.25
2012.11.09 16:03:56.177,1.27322,1.2734,2.48,1.50
2012.11.09 16:03:57.250,1.27322,1.2734,1.50,2.29
2012.11.09 16:03:57.369,1.27321,1.2734,1.73,2.29
2012.11.09 16:04:01.882,1.27321,1.2734,1.50,2.29
2012.11.09 16:04:02.690,1.27321,1.2734,3.23,1.73
2012.11.09 16:04:02.751,1.27321,1.2734,3.23,1.50
2012.11.09 16:04:03.960,1.27321,1.27336,2.25,1.54
2012.11.09 16:04:04.020,1.27321,1.27336,1.50,1.54
2012.11.09 16:04:04.542,1.27318,1.27336,1.50,1.54
2012.11.09 16:04:05.000,1.2732,1.27339,2.48,2.07
2012.11.09 16:04:05.190,1.27321,1.2734,1.73,1.50
2012.11.09 16:04:06.161,1.2732,1.2734,2.48,1.50
2012.11.09 16:04:06.230,1.2732,1.2734,2.48,1.73
2012.11.09 16:04:06.802,1.2732,1.27341,2.48,1.73
2012.11.09 16:04:11.126,1.2732,1.2734,2.48,1.54
2012.11.09 16:04:11.727,1.2732,1.2734,2.48,1.54
2012.11.09 16:04:12.579,1.2732,1.27336,2.48,1.32
2012.11.09 16:04:12.880,1.27316,1.27334,1.50,2.29
2012.11.09 16:04:13.040,1.27315,1.27334,1.50,2.29
2012.11.09 16:04:15.689,1.27315,1.27334,1.50,1.54
2012.11.09 16:04:16.011,1.27321,1.27336,1.50,1.32
2012.11.09 16:04:16.311,1.27316,1.27333,2.25,1.54
2012.11.09 16:04:16.431,1.27316,1.27333,1.50,2.29
2012.11.09 16:04:16.980,1.27315,1.27333,1.50,2.29
2012.11.09 16:04:18.122,1.27318,1.27336,1.50,3.04
2012.11.09 16:04:18.388,1.2732,1.2734,1.73,3.98
2012.11.09 16:04:20.925,1.2732,1.27339,1.73,1.73
2012.11.09 16:04:21.403,1.2732,1.27339,1.73,1.73
2012.11.09 16:04:21.989,1.2732,1.2734,3.23,2.29
2012.11.09 16:04:22.050,1.27321,1.2734,1.50,1.54
2012.11.09 16:04:22.360,1.27318,1.27336,2.25,1.39
2012.11.09 16:04:22.662,1.27322,1.27341,2.25,1.13
2012.11.09 16:04:22.973,1.27322,1.27342,2.48,1.73
2012.11.09 16:04:23.280,1.27322,1.27343,1.73,2.29
2012.11.09 16:04:23.340,1.27322,1.27343,1.73,2.29
2012.11.09 16:04:23.882,1.27322,1.27343,3.04,1.50
2012.11.09 16:04:23.950,1.27325,1.27343,2.48,1.50
2012.11.09 16:04:24.190,1.27322,1.27342,1.54,3.00
2012.11.09 16:04:24.250,1.27322,1.27342,1.32,3.23
2012.11.09 16:04:24.496,1.27322,1.2734,1.54,1.50
2012.11.09 16:04:25.070,1.27322,1.27342,3.04,1.73
2012.11.09 16:04:25.619,1.27324,1.27344,1.73,1.54
2012.11.09 16:04:26.673,1.27325,1.27346,3.00,2.10
2012.11.09 16:04:27.159,1.27327,1.27346,1.50,2.10
2012.11.09 16:04:27.411,1.27329,1.27349,1.73,1.54
2012.11.09 16:04:27.649,1.27329,1.27347,1.73,3.00
2012.11.09 16:04:27.711,1.27327,1.27345,1.50,1.54
2012.11.09 16:04:28.301,1.27326,1.27344,1.50,1.39
2012.11.09 16:04:28.900,1.27323,1.27343,1.73,1.54
2012.11.09 16:04:29.410,1.27322,1.27342,1.50,1.54
2012.11.09 16:04:29.733,1.27321,1.27335,1.13,1.35
2012.11.09 16:04:30.310,1.27317,1.27335,1.50,2.10
2012.11.09 16:04:30.430,1.27315,1.27335,1.50,2.10
2012.11.09 16:04:31.594,1.27315,1.27335,1.50,1.54
2012.11.09 16:04:32.408,1.27317,1.27336,1.50,1.54
2012.11.09 16:04:32.681,1.27319,1.27339,2.25,3.98
2012.11.09 16:04:32.803,1.27319,1.2734,1.73,1.73
2012.11.09 16:04:32.932,1.27317,1.27336,3.00,1.58
2012.11.09 16:04:33.366,1.27317,1.2733,1.50,1.35
2012.11.09 16:04:34.381,1.27317,1.27333,1.50,1.54
2012.11.09 16:04:34.527,1.27316,1.27333,1.54,1.73
2012.11.09 16:04:34.592,1.27317,1.27336,1.50,2.48
2012.11.09 16:04:34.843,1.27318,1.27338,1.73,1.50
2012.11.09 16:04:35.391,1.27317,1.2734,2.48,1.65
2012.11.09 16:04:35.892,1.27317,1.27335,1.73,1.32
2012.11.09 16:04:36.024,1.27313,1.27333,1.73,1.54
2012.11.09 16:04:36.223,1.27309,1.27332,2.48,2.48
2012.11.09 16:04:36.291,1.27309,1.27332,2.48,2.48
2012.11.09 16:04:36.961,1.27309,1.27332,2.48,2.48
2012.11.09 16:04:37.461,1.2731,1.27332,2.48,2.48
2012.11.09 16:04:38.820,1.27311,1.27332,2.29,2.48
2012.11.09 16:04:39.122,1.27317,1.27333,1.73,1.50
2012.11.09 16:04:39.370,1.27315,1.27335,2.29,1.73
2012.11.09 16:04:39.430,1.27315,1.27333,1.54,1.50
2012.11.09 16:04:39.883,1.27316,1.27335,1.73,2.48
2012.11.09 16:04:39.951,1.27316,1.27335,1.73,1.73
2012.11.09 16:04:40.021,1.27315,1.27335,2.29,1.73
2012.11.09 16:04:41.820,1.27315,1.27334,2.48,1.73
2012.11.09 16:04:43.400,1.27316,1.27335,1.73,1.73
2012.11.09 16:04:43.871,1.27316,1.27335,1.73,1.50
2012.11.09 16:04:44.845,1.27316,1.27334,1.73,1.50
2012.11.09 16:04:45.050,1.27316,1.27336,1.73,1.50
2012.11.09 16:04:45.342,1.27315,1.27336,3.72,1.73
2012.11.09 16:04:45.412,1.27315,1.27336,2.22,1.73
2012.11.09 16:04:45.841,1.27316,1.27333,1.65,1.50
2012.11.09 16:04:46.440,1.27316,1.27333,3.23,1.50
2012.11.09 16:04:46.740,1.27316,1.27335,3.98,1.73
2012.11.09 16:04:46.862,1.27316,1.27335,3.23,1.73
2012.11.09 16:04:47.171,1.27311,1.27323,1.73,1.32
2012.11.09 16:04:47.423,1.27305,1.27323,1.50,1.54
2012.11.09 16:04:48.040,1.27306,1.27323,1.50,1.54
2012.11.09 16:04:49.713,1.27306,1.27326,3.04,1.35
2012.11.09 16:04:49.780,1.27309,1.2733,1.73,1.73
2012.11.09 16:04:54.160,1.27309,1.2732,1.73,1.13
2012.11.09 16:04:54.710,1.27299,1.27318,2.18,1.32
2012.11.09 16:04:54.930,1.27299,1.27319,1.32,1.73
2012.11.09 16:04:54.992,1.273,1.27319,1.32,1.73
2012.11.09 16:04:55.180,1.27302,1.27322,1.73,3.23
2012.11.09 16:05:01.393,1.27303,1.27321,1.73,1.50
2012.11.09 16:05:04.750,1.27303,1.27321,1.73,1.50
2012.11.09 16:05:05.280,1.27303,1.27322,1.73,3.23
2012.11.09 16:05:08.232,1.27303,1.27321,1.50,1.73
2012.11.09 16:05:09.586,1.27302,1.27321,1.73,1.50
2012.11.09 16:05:10.195,1.27302,1.27322,1.73,3.23
2012.11.09 16:05:11.541,1.27302,1.27322,1.73,3.98
2012.11.09 16:05:11.679,1.27302,1.2732,1.73,1.73
2012.11.09 16:05:12.752,1.273,1.27317,1.50,1.73
2012.11.09 16:05:13.660,1.273,1.27317,1.73,1.50
2012.11.09 16:05:17.711,1.27298,1.27317,1.73,1.50
2012.11.09 16:05:17.842,1.27297,1.27314,2.29,1.50
2012.11.09 16:05:17.971,1.27297,1.27313,2.29,1.50
2012.11.09 16:05:18.150,1.27297,1.27313,2.29,1.50
2012.11.09 16:05:18.211,1.27297,1.27314,1.54,1.50
2012.11.09 16:05:18.942,1.27297,1.27316,2.29,1.50
2012.11.09 16:05:19.027,1.273,1.27319,1.73,2.25
2012.11.09 16:05:21.840,1.27301,1.27321,1.73,1.73
2012.11.09 16:05:21.965,1.273,1.2732,1.73,1.50
2012.11.09 16:05:25.410,1.27302,1.27321,1.73,2.07
2012.11.09 16:05:26.700,1.27302,1.27321,1.73,1.50
2012.11.09 16:05:28.722,1.27302,1.27321,1.73,1.50
2012.11.09 16:05:30.918,1.27302,1.27321,1.73,1.50
2012.11.09 16:05:35.380,1.27303,1.27319,1.73,1.32
2012.11.09 16:05:35.442,1.27297,1.27319,1.73,2.29
2012.11.09 16:05:37.189,1.27297,1.27317,1.73,1.54
2012.11.09 16:05:38.551,1.27298,1.27318,1.50,1.54
2012.11.09 16:05:41.312,1.27298,1.27317,1.50,1.54
2012.11.09 16:05:44.462,1.27299,1.27317,1.50,1.54
2012.11.09 16:05:44.539,1.27302,1.27318,1.50,1.73
2012.11.09 16:05:44.673,1.27308,1.27319,1.50,1.50
2012.11.09 16:05:44.743,1.27302,1.27319,1.73,1.50
2012.11.09 16:05:44.816,1.27302,1.2732,1.73,2.25
2012.11.09 16:05:45.073,1.27304,1.27323,1.50,3.98
2012.11.09 16:05:45.263,1.27304,1.27322,1.73,1.73
2012.11.09 16:05:45.330,1.27302,1.27322,2.48,2.48
2012.11.09 16:05:46.142,1.27302,1.27321,1.73,1.73
2012.11.09 16:05:46.685,1.27302,1.27321,1.73,1.73
2012.11.09 16:05:46.751,1.27302,1.27317,1.73,1.50
2012.11.09 16:05:47.472,1.273,1.27317,1.50,1.50
2012.11.09 16:05:48.923,1.27299,1.27317,2.07,1.50
2012.11.09 16:05:53.133,1.27307,1.27319,1.50,1.50
2012.11.09 16:05:53.522,1.27307,1.27324,1.73,1.50
2012.11.09 16:05:53.591,1.27307,1.27327,2.48,1.50
2012.11.09 16:05:53.771,1.27307,1.27325,1.73,1.35
2012.11.09 16:05:54.334,1.27307,1.27322,1.73,2.07
2012.11.09 16:05:54.401,1.27301,1.2732,1.73,1.50
2012.11.09 16:05:54.599,1.273,1.2732,1.73,1.73
2012.11.09 16:05:55.109,1.273,1.2732,1.73,1.73
2012.11.09 16:05:55.565,1.27305,1.27324,1.50,1.73
2012.11.09 16:05:55.693,1.27308,1.27325,1.73,1.73
2012.11.09 16:05:56.072,1.27307,1.27323,1.73,1.35
2012.11.09 16:05:56.413,1.27307,1.27324,1.73,1.50
2012.11.09 16:05:56.754,1.27307,1.27324,1.50,1.73
2012.11.09 16:05:56.823,1.27302,1.27321,2.29,1.73
2012.11.09 16:05:57.071,1.273,1.27318,1.73,1.13
2012.11.09 16:05:57.372,1.27299,1.2731,1.50,1.54
2012.11.09 16:05:57.566,1.27291,1.27311,2.48,2.07
2012.11.09 16:05:57.762,1.27297,1.27313,1.50,1.54
2012.11.09 16:05:57.831,1.27294,1.27313,2.29,1.54
2012.11.09 16:05:58.082,1.27294,1.27313,2.29,2.25
2012.11.09 16:05:58.340,1.27294,1.27314,3.04,1.50
2012.11.09 16:05:59.916,1.27292,1.27308,1.73,1.50
2012.11.09 16:06:00.472,1.27288,1.27308,2.48,1.50
2012.11.09 16:06:01.030,1.27288,1.27308,2.48,1.50
2012.11.09 16:06:02.092,1.27288,1.27308,2.48,1.73
2012.11.09 16:06:02.648,1.27288,1.27308,2.48,1.73
2012.11.09 16:06:04.811,1.27286,1.27306,1.73,1.73
2012.11.09 16:06:07.401,1.27286,1.27306,1.73,1.73
2012.11.09 16:06:08.220,1.27288,1.27307,1.73,1.73
2012.11.09 16:06:11.187,1.27288,1.27307,1.73,1.73
2012.11.09 16:06:11.735,1.27288,1.27307,1.58,1.73
2012.11.09 16:06:13.433,1.27288,1.27307,1.73,2.48
2012.11.09 16:06:16.098,1.27288,1.27307,1.73,2.48
2012.11.09 16:06:17.674,1.27288,1.27307,1.73,2.25
2012.11.09 16:06:20.783,1.27288,1.27307,1.73,2.25
2012.11.09 16:06:21.302,1.27285,1.27304,1.54,1.50
2012.11.09 16:06:21.616,1.27291,1.27305,1.73,1.50
2012.11.09 16:06:21.922,1.27288,1.27308,1.73,1.32
2012.11.09 16:06:22.758,1.27289,1.27308,1.73,1.32
2012.11.09 16:06:23.030,1.27284,1.27304,1.73,1.32
2012.11.09 16:06:23.390,1.27284,1.27304,1.73,1.32
2012.11.09 16:06:24.336,1.27284,1.27302,1.73,1.32
2012.11.09 16:06:24.591,1.2728,1.27298,1.73,2.07
2012.11.09 16:06:24.664,1.27279,1.27298,2.48,2.07
2012.11.09 16:06:24.731,1.27279,1.27298,2.48,1.32
2012.11.09 16:06:25.264,1.27279,1.27298,1.73,2.07
2012.11.09 16:06:25.343,1.27275,1.27295,1.54,1.50
2012.11.09 16:06:25.632,1.27276,1.27297,1.73,2.48
2012.11.09 16:06:26.172,1.27276,1.27297,1.73,1.54
2012.11.09 16:06:26.712,1.27275,1.27297,3.98,2.29
2012.11.09 16:06:26.901,1.27281,1.27297,1.50,1.54
2012.11.09 16:06:26.961,1.27282,1.27301,1.73,2.82
2012.11.09 16:06:27.080,1.27282,1.27298,1.73,1.35
2012.11.09 16:06:27.263,1.27278,1.27296,1.73,1.54
2012.11.09 16:06:30.602,1.27277,1.27296,1.73,2.07
2012.11.09 16:06:30.964,1.2728,1.27297,1.73,1.32
2012.11.09 16:06:31.272,1.2728,1.273,1.73,1.50
2012.11.09 16:06:31.701,1.27279,1.273,3.04,1.50
2012.11.09 16:06:31.823,1.27278,1.27298,1.73,2.07
2012.11.09 16:06:31.893,1.27278,1.27298,1.73,2.29
2012.11.09 16:06:32.452,1.27276,1.27296,1.73,1.73
2012.11.09 16:06:32.881,1.27279,1.27298,1.50,2.48
2012.11.09 16:06:33.240,1.2728,1.27303,2.48,2.29
2012.11.09 16:06:33.665,1.27283,1.27303,2.48,1.39
2012.11.09 16:06:33.732,1.27283,1.27302,1.73,1.35
2012.11.09 16:06:33.803,1.27282,1.273,1.50,1.73
2012.11.09 16:06:34.050,1.27279,1.27299,1.73,1.73
2012.11.09 16:06:35.133,1.27279,1.27298,1.73,1.32
2012.11.09 16:06:35.463,1.27279,1.27298,1.73,1.32
2012.11.09 16:06:35.833,1.27284,1.273,1.54,2.25
2012.11.09 16:06:36.141,1.27286,1.27302,1.73,1.50
2012.11.09 16:06:36.632,1.27288,1.27307,1.73,1.50
2012.11.09 16:06:36.948,1.27287,1.27307,2.48,2.85
2012.11.09 16:06:37.341,1.27287,1.27306,2.48,1.50
2012.11.09 16:06:37.463,1.27287,1.27305,2.48,1.50
2012.11.09 16:06:37.992,1.27285,1.27304,1.73,1.50
2012.11.09 16:06:38.484,1.27285,1.27303,1.73,1.50
2012.11.09 16:06:38.783,1.27288,1.27305,1.50,1.50
2012.11.09 16:06:38.852,1.27288,1.27305,1.73,1.50
2012.11.09 16:06:39.364,1.27287,1.27307,1.73,1.50
2012.11.09 16:06:39.972,1.27287,1.27307,1.73,2.07
2012.11.09 16:06:40.352,1.27289,1.27307,1.73,1.50
2012.11.09 16:06:40.674,1.27294,1.27308,1.32,1.50
2012.11.09 16:06:40.992,1.27295,1.27312,1.73,1.50
2012.11.09 16:06:41.501,1.27294,1.27314,1.54,1.50
2012.11.09 16:06:43.091,1.27295,1.27316,1.73,2.25
2012.11.09 16:06:43.630,1.27295,1.27316,1.73,1.50
2012.11.09 16:06:44.261,1.27295,1.27316,1.73,2.25
2012.11.09 16:06:44.959,1.27295,1.27311,1.73,1.32
2012.11.09 16:06:45.040,1.27286,1.27306,1.58,1.50
2012.11.09 16:06:45.728,1.27286,1.27306,1.73,1.50
2012.11.09 16:06:46.601,1.27286,1.27306,1.73,2.07
2012.11.09 16:06:46.734,1.27283,1.27304,1.73,1.50
2012.11.09 16:06:47.791,1.27283,1.27304,1.73,1.50
2012.11.09 16:06:48.228,1.27283,1.27304,1.73,1.50
2012.11.09 16:06:48.513,1.27285,1.27306,1.73,3.04
2012.11.09 16:06:48.583,1.27286,1.27306,1.73,1.50
2012.11.09 16:06:49.431,1.27285,1.27305,1.54,1.50
2012.11.09 16:06:49.491,1.27285,1.27305,1.54,2.48
2012.11.09 16:06:49.555,1.27282,1.273,2.29,1.32
2012.11.09 16:06:49.930,1.27281,1.273,1.54,1.32
2012.11.09 16:06:50.121,1.2728,1.273,1.73,1.32
2012.11.09 16:06:50.241,1.27279,1.273,1.73,3.04
2012.11.09 16:06:50.641,1.27279,1.27299,1.50,2.48
2012.11.09 16:06:51.010,1.2728,1.273,1.32,3.23
2012.11.09 16:06:51.350,1.27284,1.273,1.73,2.25
2012.11.09 16:06:51.532,1.27284,1.27303,2.48,1.02
2012.11.09 16:06:51.661,1.27284,1.27303,2.48,1.02
2012.11.09 16:06:52.178,1.27284,1.27305,2.48,2.29
2012.11.09 16:06:52.301,1.27286,1.27305,1.73,1.54
2012.11.09 16:06:52.610,1.27282,1.27301,1.50,1.54
2012.11.09 16:06:53.151,1.27286,1.27304,1.32,1.54
2012.11.09 16:06:53.518,1.2729,1.27309,1.50,1.35
2012.11.09 16:06:53.580,1.2729,1.2731,1.50,2.29
2012.11.09 16:06:54.100,1.2729,1.2731,1.73,1.54
2012.11.09 16:06:54.343,1.27289,1.27309,1.50,1.54
2012.11.09 16:06:54.413,1.27287,1.27308,1.73,1.73
2012.11.09 16:06:54.940,1.27286,1.27307,1.54,1.73
2012.11.09 16:06:55.302,1.27285,1.27307,1.73,2.29
2012.11.09 16:06:55.370,1.27284,1.27305,1.54,1.73
2012.11.09 16:06:55.430,1.27284,1.27305,1.54,1.50
2012.11.09 16:06:55.490,1.27286,1.27307,1.73,1.32
2012.11.09 16:06:55.991,1.27291,1.27309,1.73,1.50
2012.11.09 16:06:56.891,1.2729,1.27308,1.54,1.50
2012.11.09 16:06:56.953,1.27288,1.27306,1.32,1.73
2012.11.09 16:06:59.882,1.27288,1.27307,1.32,1.73
2012.11.09 16:07:00.190,1.2729,1.27308,1.54,2.25
2012.11.09 16:07:00.252,1.27291,1.27308,1.73,1.50
2012.11.09 16:07:00.780,1.2729,1.27308,1.54,2.48
2012.11.09 16:07:01.289,1.2729,1.27308,1.54,2.48
2012.11.09 16:07:06.721,1.27284,1.273,1.54,1.32
2012.11.09 16:07:06.781,1.27281,1.273,1.50,1.54
2012.11.09 16:07:06.900,1.2728,1.273,1.50,1.54
2012.11.09 16:07:07.021,1.2728,1.273,1.50,2.29
2012.11.09 16:07:07.262,1.27278,1.273,2.48,2.29
2012.11.09 16:07:07.782,1.27278,1.273,3.23,2.29
2012.11.09 16:07:11.632,1.27282,1.273,1.50,1.73
2012.11.09 16:07:12.813,1.27279,1.27301,1.73,1.73
2012.11.09 16:07:13.569,1.27279,1.273,2.33,1.50
2012.11.09 16:07:14.123,1.27281,1.27301,2.33,1.50
2012.11.09 16:07:14.311,1.27285,1.27304,2.48,1.32
2012.11.09 16:07:15.100,1.27285,1.27307,3.04,3.04
2012.11.09 16:07:15.161,1.27285,1.27307,3.04,2.48
2012.11.09 16:07:15.520,1.27282,1.27303,3.00,2.29
2012.11.09 16:07:15.583,1.27281,1.27302,2.48,1.73
2012.11.09 16:07:18.131,1.27282,1.27303,1.50,3.04
2012.11.09 16:07:18.260,1.27284,1.27303,1.54,2.25
2012.11.09 16:07:18.781,1.27284,1.27303,1.54,1.50
2012.11.09 16:07:18.901,1.27285,1.27304,2.48,1.50
2012.11.09 16:07:19.140,1.27284,1.27303,2.29,2.25
2012.11.09 16:07:19.262,1.27286,1.27304,1.73,1.50
2012.11.09 16:07:19.764,1.27284,1.27303,1.54,1.73
2012.11.09 16:07:21.762,1.27283,1.27303,1.54,1.50
2012.11.09 16:07:22.250,1.27283,1.27303,1.54,1.50
2012.11.09 16:07:22.313,1.27283,1.27303,1.54,1.50
2012.11.09 16:07:22.381,1.27283,1.27302,1.54,1.50
2012.11.09 16:07:22.580,1.27283,1.27302,1.54,1.50
2012.11.09 16:07:23.170,1.27284,1.27303,1.73,1.50
2012.11.09 16:07:24.843,1.27285,1.27306,2.25,1.54
2012.11.09 16:07:25.462,1.27285,1.27305,1.50,1.58
2012.11.09 16:07:28.443,1.27284,1.27304,1.50,2.33
2012.11.09 16:07:28.580,1.27282,1.273,1.32,2.33
2012.11.09 16:07:28.645,1.27278,1.27299,2.29,2.29
2012.11.09 16:07:28.772,1.27277,1.27298,1.73,1.35
2012.11.09 16:07:29.112,1.27277,1.27298,1.73,1.58
2012.11.09 16:07:31.021,1.27278,1.27297,1.73,1.50
2012.11.09 16:07:31.582,1.27278,1.27299,1.73,3.79
2012.11.09 16:07:32.151,1.27277,1.27297,2.29,2.25
2012.11.09 16:07:32.967,1.27277,1.27297,3.04,3.00
2012.11.09 16:07:35.369,1.27277,1.27297,3.04,3.00
2012.11.09 16:07:37.557,1.27278,1.27297,1.73,1.50
2012.11.09 16:07:39.461,1.27279,1.273,1.73,1.73
2012.11.09 16:07:40.081,1.2728,1.27301,1.50,1.73
2012.11.09 16:07:41.441,1.27284,1.27303,1.32,3.23
2012.11.09 16:07:41.620,1.27284,1.27305,1.54,2.48
2012.11.09 16:07:42.270,1.27285,1.27305,1.73,2.48
2012.11.09 16:07:43.390,1.27285,1.27304,1.73,1.73
2012.11.09 16:07:43.510,1.27282,1.273,2.25,1.54
2012.11.09 16:07:43.750,1.27282,1.273,1.50,1.54
2012.11.09 16:07:43.810,1.27282,1.273,2.25,1.54
2012.11.09 16:07:44.763,1.27284,1.27305,2.25,1.73
2012.11.09 16:07:44.833,1.27284,1.27305,2.48,1.73
2012.11.09 16:07:45.351,1.27283,1.27305,2.29,2.48
2012.11.09 16:07:46.431,1.27284,1.27305,1.73,2.29
2012.11.09 16:07:54.047,1.27284,1.27305,2.29,1.73
2012.11.09 16:07:54.622,1.27284,1.27305,1.54,1.73
2012.11.09 16:07:56.698,1.27284,1.27305,1.54,1.73
2012.11.09 16:07:57.485,1.27291,1.27306,1.54,1.50
2012.11.09 16:07:57.914,1.27293,1.27308,1.73,1.50
2012.11.09 16:07:57.988,1.27294,1.27314,1.50,1.73
2012.11.09 16:07:58.052,1.27294,1.27315,1.50,1.54
2012.11.09 16:07:58.126,1.27297,1.27315,1.50,1.54
2012.11.09 16:07:58.381,1.27297,1.27315,1.50,1.54
2012.11.09 16:07:58.797,1.27293,1.27311,2.25,1.73
2012.11.09 16:07:58.921,1.27293,1.27309,1.50,1.54
2012.11.09 16:07:59.341,1.27288,1.27308,2.25,1.73
2012.11.09 16:07:59.943,1.27294,1.27308,1.13,1.73
2012.11.09 16:08:00.071,1.27295,1.27312,1.35,1.50
2012.11.09 16:08:01.036,1.27298,1.27316,1.32,1.73
2012.11.09 16:08:01.582,1.27298,1.27316,1.32,1.73
2012.11.09 16:08:02.152,1.27296,1.27316,3.04,1.73
2012.11.09 16:08:04.512,1.27301,1.27316,1.54,1.50
2012.11.09 16:08:05.060,1.27299,1.27317,1.54,1.50
2012.11.09 16:08:05.121,1.27301,1.27319,1.54,2.25
2012.11.09 16:08:05.242,1.27301,1.27319,1.54,1.50
2012.11.09 16:08:05.313,1.27301,1.27319,1.54,1.50
2012.11.09 16:08:05.811,1.27307,1.27325,2.29,1.50
2012.11.09 16:08:05.997,1.27307,1.27323,1.32,1.58
2012.11.09 16:08:06.632,1.27306,1.27322,1.32,1.58
2012.11.09 16:08:07.203,1.27305,1.27323,1.54,2.25
2012.11.09 16:08:07.702,1.27305,1.27321,1.54,1.50
2012.11.09 16:08:07.891,1.27305,1.27321,1.32,1.50
2012.11.09 16:08:09.541,1.273,1.2732,3.79,1.50
2012.11.09 16:08:09.664,1.273,1.27319,1.54,1.50
2012.11.09 16:08:10.231,1.273,1.27317,1.88,1.73
2012.11.09 16:08:10.752,1.27295,1.27317,3.79,1.73
2012.11.09 16:08:11.363,1.27298,1.27317,1.73,1.73
2012.11.09 16:08:11.453,1.27298,1.27317,2.29,1.73
2012.11.09 16:08:11.581,1.273,1.27319,2.29,1.50
2012.11.09 16:08:13.092,1.27302,1.27322,1.73,2.48
2012.11.09 16:08:13.162,1.27302,1.27322,2.48,1.73
2012.11.09 16:08:13.425,1.27302,1.27322,1.50,1.73
2012.11.09 16:08:13.552,1.273,1.27321,2.07,2.48
2012.11.09 16:08:13.682,1.273,1.27321,2.29,2.48
2012.11.09 16:08:14.592,1.27299,1.2732,1.54,2.48
2012.11.09 16:08:15.914,1.27297,1.27316,1.73,1.54
2012.11.09 16:08:16.231,1.27295,1.27312,1.73,1.50
2012.11.09 16:08:16.592,1.27295,1.27315,2.25,3.04
2012.11.09 16:08:17.332,1.27295,1.27315,1.50,3.04
2012.11.09 16:08:17.640,1.27295,1.27313,1.50,1.73
2012.11.09 16:08:18.000,1.27292,1.27313,1.88,1.73
2012.11.09 16:08:20.701,1.27291,1.2731,2.25,1.54
2012.11.09 16:08:22.400,1.27291,1.2731,3.00,1.54
2012.11.09 16:08:23.031,1.2729,1.2731,4.50,1.54
2012.11.09 16:08:24.974,1.27291,1.2731,1.50,2.10
2012.11.09 16:08:26.906,1.27291,1.2731,1.50,2.10
2012.11.09 16:08:29.061,1.27291,1.2731,1.50,2.10
2012.11.09 16:08:30.178,1.27291,1.27309,1.50,1.54
2012.11.09 16:08:31.055,1.27294,1.27313,1.50,2.33
2012.11.09 16:08:31.121,1.27294,1.27313,1.50,1.73
2012.11.09 16:08:31.773,1.27292,1.27313,1.73,1.73
2012.11.09 16:08:34.202,1.27291,1.2731,2.85,1.54
2012.11.09 16:08:34.272,1.2729,1.27309,3.75,1.73
2012.11.09 16:08:34.401,1.2729,1.27309,3.98,1.73
2012.11.09 16:08:34.921,1.27294,1.2731,1.50,1.54
2012.11.09 16:08:36.452,1.27294,1.2731,1.50,1.54
2012.11.09 16:08:37.960,1.27295,1.27316,2.07,2.29
2012.11.09 16:08:38.080,1.27295,1.27316,3.04,1.50
2012.11.09 16:08:38.140,1.27297,1.27317,1.73,1.73
2012.11.09 16:08:39.577,1.27297,1.27317,1.73,1.73
2012.11.09 16:08:42.123,1.27299,1.27317,1.32,1.73
2012.11.09 16:08:42.312,1.27301,1.27321,1.54,1.50
2012.11.09 16:08:43.353,1.27301,1.27322,2.29,1.50
2012.11.09 16:08:43.661,1.27298,1.2732,3.04,1.73
2012.11.09 16:08:44.165,1.27298,1.2732,2.82,1.73
2012.11.09 16:08:44.520,1.27301,1.27321,1.73,1.32
2012.11.09 16:08:44.701,1.27303,1.27323,2.29,1.50
2012.11.09 16:08:45.592,1.273,1.2732,2.29,1.73
2012.11.09 16:08:45.982,1.273,1.2732,1.50,1.73
2012.11.09 16:08:46.380,1.273,1.27322,2.85,2.29
2012.11.09 16:08:46.682,1.273,1.2732,1.73,1.32
2012.11.09 16:08:47.420,1.27301,1.2732,1.73,1.32
2012.11.09 16:08:47.605,1.27301,1.27321,1.50,1.54
2012.11.09 16:08:47.981,1.27301,1.27322,1.73,1.54
2012.11.09 16:08:48.101,1.273,1.27322,2.48,2.29
2012.11.09 16:08:48.460,1.27303,1.27325,2.25,2.85
2012.11.09 16:08:48.721,1.27303,1.27324,2.48,1.35
2012.11.09 16:08:50.401,1.27303,1.27325,2.25,1.54
2012.11.09 16:08:57.170,1.27304,1.27327,1.32,3.04
2012.11.09 16:08:57.472,1.27308,1.27327,2.29,1.73
2012.11.09 16:08:58.101,1.27308,1.27325,1.73,1.32
2012.11.09 16:08:58.281,1.27304,1.27325,1.50,1.54
2012.11.09 16:08:58.882,1.27303,1.27324,1.50,2.29
2012.11.09 16:09:01.700,1.27304,1.27324,1.50,2.29
2012.11.09 16:09:01.941,1.27309,1.27324,1.50,1.54
2012.11.09 16:09:02.132,1.2731,1.27329,1.50,1.73
2012.11.09 16:09:02.192,1.2731,1.27331,1.50,3.79
2012.11.09 16:09:02.261,1.27311,1.27331,1.50,1.54
2012.11.09 16:09:05.100,1.27311,1.27331,1.50,1.54
2012.11.09 16:09:07.001,1.2731,1.27326,2.48,1.50
2012.11.09 16:09:07.361,1.27305,1.27326,2.07,2.48
2012.11.09 16:09:07.701,1.27305,1.27324,1.50,1.54
2012.11.09 16:09:08.142,1.27304,1.27322,1.50,1.54
2012.11.09 16:09:08.470,1.27302,1.2732,2.25,1.54
2012.11.09 16:09:09.172,1.27301,1.27319,1.50,1.54
2012.11.09 16:09:11.387,1.27301,1.27319,1.50,1.54
2012.11.09 16:09:11.466,1.27301,1.27319,1.50,1.54
2012.11.09 16:09:11.861,1.27298,1.27317,1.73,1.73
2012.11.09 16:09:12.391,1.27298,1.27319,2.48,1.54
2012.11.09 16:09:12.631,1.27302,1.27321,2.25,1.58
2012.11.09 16:09:12.875,1.27304,1.27322,1.50,2.29
2012.11.09 16:09:15.401,1.27302,1.27322,2.48,1.73
2012.11.09 16:09:15.792,1.27302,1.27322,2.25,1.73
2012.11.09 16:09:15.921,1.27299,1.27318,1.50,2.48
2012.11.09 16:09:16.532,1.27298,1.27317,1.73,1.54
2012.11.09 16:09:17.074,1.27296,1.27316,3.23,1.73
2012.11.09 16:09:17.392,1.27295,1.27312,2.25,2.29
2012.11.09 16:09:17.582,1.27292,1.27312,2.25,2.29
2012.11.09 16:09:18.240,1.27291,1.2731,1.50,1.54
2012.11.09 16:09:22.794,1.2729,1.2731,1.50,1.73
2012.11.09 16:09:23.502,1.27291,1.27311,2.25,1.54
2012.11.09 16:09:23.815,1.27297,1.27312,1.73,1.50
2012.11.09 16:09:23.881,1.27297,1.27314,1.73,2.25
2012.11.09 16:09:24.126,1.273,1.27318,1.50,1.54
2012.11.09 16:09:24.311,1.27307,1.27323,2.29,1.50
2012.11.09 16:09:24.612,1.27306,1.27324,1.54,2.48
2012.11.09 16:09:24.733,1.273,1.27319,1.73,1.32
2012.11.09 16:09:24.863,1.27298,1.27318,1.73,1.73
2012.11.09 16:09:24.931,1.27301,1.27318,1.50,1.73
2012.11.09 16:09:25.052,1.27299,1.27318,1.50,1.73
2012.11.09 16:09:25.656,1.27299,1.27318,1.73,1.50
2012.11.09 16:09:25.900,1.27299,1.27319,2.48,1.54
2012.11.09 16:09:26.260,1.27304,1.27322,1.54,1.50
2012.11.09 16:09:26.918,1.27305,1.27322,1.54,2.48
2012.11.09 16:09:27.064,1.27306,1.27324,1.32,1.73
2012.11.09 16:09:27.138,1.27306,1.27325,3.04,1.50
2012.11.09 16:09:27.560,1.27306,1.27327,3.23,1.73
2012.11.09 16:09:29.404,1.27307,1.27327,1.73,2.48
2012.11.09 16:09:29.712,1.27301,1.27317,1.50,2.29
2012.11.09 16:09:31.979,1.27301,1.27317,1.32,1.73
2012.11.09 16:09:32.048,1.27306,1.27327,1.73,1.50
2012.11.09 16:09:32.670,1.27306,1.27327,1.73,1.73
2012.11.09 16:09:34.911,1.27305,1.27326,2.29,1.50
2012.11.09 16:09:34.970,1.27303,1.27325,3.79,1.32
2012.11.09 16:09:35.035,1.27303,1.27325,2.48,1.54
2012.11.09 16:09:37.121,1.27305,1.27326,1.50,1.54
2012.11.09 16:09:37.240,1.27306,1.27327,1.54,2.82
2012.11.09 16:09:37.674,1.27306,1.27326,1.54,1.50
2012.11.09 16:09:37.920,1.27303,1.27324,1.73,2.29
2012.11.09 16:09:44.052,1.27302,1.27322,1.50,3.98
2012.11.09 16:09:44.373,1.27301,1.27317,1.50,1.54
2012.11.09 16:09:44.443,1.27301,1.27317,1.73,1.32
2012.11.09 16:09:45.001,1.27302,1.27323,1.73,1.73
2012.11.09 16:09:45.202,1.27301,1.27322,1.73,2.48
2012.11.09 16:09:45.272,1.273,1.2732,1.73,1.73
2012.11.09 16:09:45.331,1.27299,1.27318,2.85,1.50
2012.11.09 16:09:46.210,1.27301,1.2732,1.73,1.73
2012.11.09 16:09:46.390,1.27301,1.27322,1.50,1.73
2012.11.09 16:09:46.570,1.273,1.2732,3.23,1.73
2012.11.09 16:09:46.861,1.27302,1.27324,1.50,1.54
2012.11.09 16:09:47.100,1.27303,1.27324,1.73,2.29
2012.11.09 16:09:47.160,1.27304,1.27324,1.73,2.29
2012.11.09 16:09:47.882,1.27305,1.27324,1.73,1.54
2012.11.09 16:09:48.012,1.27309,1.27328,1.54,1.50
2012.11.09 16:09:48.140,1.27311,1.27331,1.73,1.73
2012.11.09 16:09:48.696,1.27309,1.27332,3.04,2.48
2012.11.09 16:09:48.952,1.27311,1.27332,1.73,1.73
2012.11.09 16:09:49.674,1.27312,1.27332,1.54,1.50
2012.11.09 16:09:50.402,1.27313,1.27332,1.54,1.50
2012.11.09 16:09:50.821,1.27313,1.27332,1.73,1.50
2012.11.09 16:09:53.111,1.27315,1.27332,1.32,1.50
2012.11.09 16:09:53.540,1.27312,1.27329,1.54,1.50
2012.11.09 16:09:56.015,1.27315,1.27329,1.32,1.50
2012.11.09 16:09:56.211,1.27315,1.27333,3.23,1.73
2012.11.09 16:09:56.272,1.2732,1.27335,1.32,2.25
2012.11.09 16:09:56.343,1.2732,1.27335,1.32,1.50
2012.11.09 16:09:56.871,1.2732,1.27339,1.54,1.50
2012.11.09 16:09:59.083,1.27315,1.27335,2.29,1.50
2012.11.09 16:09:59.153,1.27315,1.27334,1.54,1.50
2012.11.09 16:10:00.041,1.27314,1.27334,2.03,2.48
2012.11.09 16:10:00.742,1.27314,1.27334,1.32,2.48
2012.11.09 16:10:01.673,1.27312,1.27332,1.54,1.50
2012.11.09 16:10:07.171,1.2731,1.27331,1.54,2.48
2012.11.09 16:10:08.930,1.27307,1.27329,2.29,1.50
2012.11.09 16:10:09.434,1.27309,1.27328,1.73,1.50
2012.11.09 16:10:10.388,1.2731,1.27328,1.54,1.50
2012.11.09 16:10:10.450,1.27307,1.27325,1.54,1.50
2012.11.09 16:10:10.640,1.27306,1.27325,1.50,1.73
2012.11.09 16:10:12.357,1.27306,1.27325,1.88,1.73
2012.11.09 16:10:12.671,1.27311,1.27328,1.54,1.50
2012.11.09 16:10:13.421,1.27312,1.27331,1.73,3.00
2012.11.09 16:10:13.481,1.27312,1.27331,1.73,2.25
2012.11.09 16:10:16.260,1.27312,1.27328,1.54,1.50
2012.11.09 16:10:16.508,1.27312,1.27329,1.54,1.50
2012.11.09 16:10:17.272,1.27312,1.2733,1.54,1.50
2012.11.09 16:10:17.564,1.27312,1.27332,3.04,1.73
2012.11.09 16:10:18.121,1.27312,1.27332,3.04,1.50
2012.11.09 16:10:19.686,1.27312,1.27331,3.04,1.50
2012.11.09 16:10:20.331,1.27312,1.27331,2.29,1.50
2012.11.09 16:10:21.755,1.27312,1.27333,1.32,3.23
2012.11.09 16:10:22.183,1.27312,1.27328,1.32,1.95
2012.11.09 16:10:22.873,1.27308,1.27322,1.50,1.35
2012.11.09 16:10:22.958,1.27311,1.27325,1.32,2.33
2012.11.09 16:10:23.204,1.27311,1.27325,1.54,2.25
2012.11.09 16:10:23.331,1.27312,1.27331,1.73,1.73
2012.11.09 16:10:23.592,1.27312,1.27333,1.73,2.48
2012.11.09 16:10:24.660,1.27312,1.27331,1.73,1.50
2012.11.09 16:10:24.721,1.27311,1.2733,1.54,1.50
2012.11.09 16:10:25.214,1.27312,1.27333,1.88,3.23
2012.11.09 16:10:25.400,1.27314,1.27333,1.73,2.07
2012.11.09 16:10:25.640,1.27312,1.27332,1.88,1.54
2012.11.09 16:10:25.763,1.27315,1.27333,1.32,2.48
2012.11.09 16:10:26.071,1.27316,1.27336,1.54,1.73
2012.11.09 16:10:26.321,1.27316,1.27336,1.32,1.73
2012.11.09 16:10:26.512,1.27316,1.27336,1.32,1.73
2012.11.09 16:10:27.121,1.27314,1.27333,1.13,1.73
2012.11.09 16:10:27.481,1.27318,1.27333,1.54,1.50
2012.11.09 16:10:28.352,1.27318,1.27333,1.54,1.50
2012.11.09 16:10:28.740,1.27319,1.27335,1.73,1.50
2012.11.09 16:10:31.001,1.27315,1.27333,1.73,1.50
2012.11.09 16:10:31.185,1.27313,1.27333,2.48,1.73
2012.11.09 16:10:32.402,1.27314,1.27333,1.50,2.29
2012.11.09 16:10:32.460,1.27314,1.2733,1.50,1.32
2012.11.09 16:10:32.594,1.27309,1.27326,1.50,1.73
2012.11.09 16:10:33.960,1.27308,1.27328,2.29,1.73
2012.11.09 16:10:35.382,1.27308,1.27328,1.54,1.73
2012.11.09 16:10:35.513,1.27306,1.27326,1.73,1.50
2012.11.09 16:10:35.582,1.27306,1.27326,1.73,1.73
2012.11.09 16:10:36.576,1.27307,1.27326,1.50,3.04
2012.11.09 16:10:36.653,1.2731,1.27326,1.50,2.29
2012.11.09 16:10:36.722,1.27312,1.27327,1.32,1.50
2012.11.09 16:10:36.792,1.27313,1.27327,1.32,1.50
2012.11.09 16:10:36.862,1.27314,1.27331,1.73,1.50
2012.11.09 16:10:36.991,1.27313,1.27331,1.54,1.50
2012.11.09 16:10:37.236,1.27313,1.27331,1.54,1.50
2012.11.09 16:10:37.541,1.2731,1.27329,1.50,1.73
2012.11.09 16:10:37.720,1.27309,1.27329,1.50,1.73
2012.11.09 16:10:38.701,1.27312,1.27329,1.32,1.73
2012.11.09 16:10:38.821,1.27312,1.2733,1.54,1.50
2012.11.09 16:10:39.001,1.27313,1.27333,1.73,2.48
2012.11.09 16:10:44.062,1.27316,1.27336,1.50,3.04
2012.11.09 16:10:46.390,1.27314,1.27333,1.73,2.48
2012.11.09 16:10:46.691,1.2731,1.27331,2.29,2.07
2012.11.09 16:10:46.750,1.2731,1.2733,2.07,1.73
2012.11.09 16:10:46.813,1.27308,1.27328,1.73,1.73
2012.11.09 16:10:47.750,1.27308,1.27328,1.73,1.73
2012.11.09 16:10:48.935,1.27308,1.27328,1.73,1.73
2012.11.09 16:10:49.205,1.27308,1.27325,1.73,1.32
2012.11.09 16:10:49.452,1.27304,1.27323,2.25,1.73
2012.11.09 16:10:50.276,1.27304,1.27323,2.25,1.73
2012.11.09 16:10:51.718,1.27304,1.27323,2.25,1.73
2012.11.09 16:10:52.382,1.27304,1.27323,2.25,1.73
2012.11.09 16:10:52.451,1.27306,1.27325,1.32,1.73
2012.11.09 16:10:52.572,1.27307,1.27327,2.48,1.58
2012.11.09 16:10:52.914,1.27305,1.27324,1.54,1.50
2012.11.09 16:10:52.983,1.27304,1.27324,1.13,1.73
2012.11.09 16:10:53.854,1.27303,1.27324,2.29,2.48
2012.11.09 16:10:54.111,1.27303,1.27324,2.48,3.23
2012.11.09 16:10:54.421,1.27307,1.27324,1.54,1.50
2012.11.09 16:10:55.211,1.27306,1.27324,1.54,1.50
2012.11.09 16:10:55.281,1.27306,1.27324,1.54,1.73
2012.11.09 16:10:55.401,1.27309,1.27326,1.32,1.73
2012.11.09 16:10:55.462,1.27309,1.27327,1.54,1.50
2012.11.09 16:10:56.225,1.2731,1.27327,1.54,2.25
2012.11.09 16:10:56.471,1.2731,1.27327,1.32,2.48
2012.11.09 16:10:56.713,1.27312,1.27328,1.32,1.73
2012.11.09 16:10:56.962,1.27312,1.27329,2.29,1.50
2012.11.09 16:10:57.572,1.27312,1.2733,1.54,1.50
2012.11.09 16:10:58.343,1.27312,1.2733,1.54,1.50
2012.11.09 16:10:58.721,1.27311,1.27329,1.32,1.73
2012.11.09 16:10:59.103,1.2731,1.27328,1.32,1.54
2012.11.09 16:10:59.171,1.27309,1.27328,1.32,1.54
2012.11.09 16:10:59.297,1.27307,1.27326,1.50,1.73
2012.11.09 16:10:59.841,1.27305,1.27325,1.50,1.73
2012.11.09 16:11:00.921,1.27305,1.27322,1.50,1.54
2012.11.09 16:11:00.981,1.27303,1.27321,2.25,1.73
2012.11.09 16:11:01.953,1.27303,1.27324,2.82,1.73
2012.11.09 16:11:02.021,1.27303,1.27324,3.04,1.73
2012.11.09 16:11:02.081,1.27305,1.27324,1.50,1.73
2012.11.09 16:11:02.662,1.27305,1.27324,1.50,1.73
2012.11.09 16:11:03.192,1.27304,1.27325,1.50,1.73
2012.11.09 16:11:03.572,1.27303,1.27323,2.25,1.73
2012.11.09 16:11:03.644,1.27301,1.27322,3.04,1.73
2012.11.09 16:11:03.951,1.27307,1.27327,1.50,2.29
2012.11.09 16:11:04.302,1.27304,1.27325,1.50,1.73
2012.11.09 16:11:04.850,1.27303,1.27322,1.50,1.73
2012.11.09 16:11:09.093,1.27303,1.27324,1.50,1.73
2012.11.09 16:11:09.871,1.27303,1.27325,1.50,1.73
2012.11.09 16:11:10.393,1.27303,1.27325,1.50,1.73
2012.11.09 16:11:11.145,1.27303,1.27324,1.50,1.73
2012.11.09 16:11:11.280,1.27303,1.27324,1.50,1.73
2012.11.09 16:11:12.178,1.27303,1.2732,1.32,1.50
2012.11.09 16:11:12.552,1.27305,1.27324,1.50,2.48
2012.11.09 16:11:12.740,1.27303,1.27323,1.32,1.73
2012.11.09 16:11:12.801,1.27303,1.27323,1.32,1.73
2012.11.09 16:11:14.601,1.27302,1.27322,1.32,1.73
2012.11.09 16:11:14.792,1.27301,1.27318,1.73,1.73
2012.11.09 16:11:14.864,1.273,1.27318,2.25,1.73
2012.11.09 16:11:15.173,1.27296,1.27317,1.32,1.73
2012.11.09 16:11:15.680,1.27296,1.27317,2.82,1.73
2012.11.09 16:11:17.516,1.27298,1.27317,1.50,1.73
2012.11.09 16:11:18.084,1.27297,1.27317,1.73,1.73
2012.11.09 16:11:21.681,1.27299,1.27317,1.50,1.73
2012.11.09 16:11:24.187,1.27297,1.27316,1.50,2.29
2012.11.09 16:11:24.327,1.27295,1.27314,1.50,2.48
2012.11.09 16:11:24.631,1.27298,1.27315,1.32,1.73
2012.11.09 16:11:25.060,1.27299,1.2732,1.50,1.73
2012.11.09 16:11:25.401,1.27299,1.27321,1.50,1.13
2012.11.09 16:11:26.281,1.27299,1.27322,1.50,3.98
2012.11.09 16:11:27.663,1.27299,1.27317,1.50,1.54
2012.11.09 16:11:27.790,1.27299,1.27316,1.50,1.73
2012.11.09 16:11:28.150,1.27296,1.27314,1.50,1.73
2012.11.09 16:11:29.338,1.27296,1.27317,1.50,1.73
2012.11.09 16:11:29.880,1.27297,1.27317,1.50,2.48
2012.11.09 16:11:30.658,1.27297,1.27317,1.50,2.48
2012.11.09 16:11:32.223,1.27297,1.27317,1.50,1.73
2012.11.09 16:11:32.912,1.27295,1.27317,3.04,1.73
2012.11.09 16:11:35.411,1.27296,1.27317,2.07,1.73
2012.11.09 16:11:35.591,1.27298,1.27318,1.50,2.33
2012.11.09 16:11:36.461,1.27298,1.27318,2.07,1.73
2012.11.09 16:11:38.602,1.27298,1.27317,1.92,1.73
2012.11.09 16:11:38.723,1.27299,1.27319,1.58,1.73
2012.11.09 16:11:39.241,1.273,1.27321,1.50,2.29
2012.11.09 16:11:40.785,1.273,1.27321,2.29,1.73
2012.11.09 16:11:42.901,1.273,1.27321,2.07,1.73
2012.11.09 16:11:44.921,1.273,1.2732,2.29,1.73
2012.11.09 16:11:45.428,1.273,1.27321,2.29,1.73
2012.11.09 16:11:45.613,1.273,1.27318,1.54,1.50
2012.11.09 16:11:45.922,1.27297,1.27316,1.88,1.73
2012.11.09 16:11:46.281,1.27293,1.27313,1.50,1.73
2012.11.09 16:11:46.342,1.27293,1.27313,1.50,2.48
2012.11.09 16:11:46.465,1.27294,1.27313,1.50,1.73
2012.11.09 16:11:47.011,1.27293,1.27311,1.32,1.73
2012.11.09 16:11:47.131,1.27293,1.27314,1.54,1.50
2012.11.09 16:11:47.261,1.27292,1.27314,2.07,1.73
2012.11.09 16:11:47.993,1.27292,1.27313,1.50,1.73
2012.11.09 16:11:48.979,1.27292,1.27313,1.50,2.48
2012.11.09 16:11:49.172,1.27299,1.27318,1.50,2.48
2012.11.09 16:11:49.243,1.27299,1.27321,2.25,3.23
2012.11.09 16:11:49.530,1.27301,1.2732,1.50,1.73
2012.11.09 16:11:49.672,1.27299,1.2732,1.73,2.48
2012.11.09 16:11:50.192,1.27297,1.27317,1.54,2.25
2012.11.09 16:11:50.528,1.27298,1.27317,1.32,1.73
2012.11.09 16:11:50.815,1.27299,1.27318,1.73,1.73
2012.11.09 16:11:51.251,1.27299,1.27321,1.73,5.29
2012.11.09 16:11:51.724,1.27302,1.2732,1.50,1.73
2012.11.09 16:11:51.972,1.27304,1.27324,1.50,3.04
2012.11.09 16:11:52.031,1.27305,1.27324,2.25,1.54
2012.11.09 16:11:52.580,1.27307,1.27325,1.50,1.54
2012.11.09 16:11:53.054,1.27305,1.27325,3.00,1.54
2012.11.09 16:11:53.545,1.27305,1.27325,2.25,1.54
2012.11.09 16:11:54.051,1.27303,1.27323,1.50,1.54
2012.11.09 16:11:54.114,1.27303,1.27323,1.50,2.29
2012.11.09 16:11:54.184,1.27302,1.27323,2.25,2.29
2012.11.09 16:11:54.502,1.27311,1.27326,1.54,1.32
2012.11.09 16:11:55.153,1.27309,1.27329,1.35,1.73
2012.11.09 16:11:55.842,1.27312,1.27331,1.54,2.48
2012.11.09 16:11:57.973,1.27312,1.27331,1.32,3.23
2012.11.09 16:11:59.003,1.27311,1.27328,1.32,1.73
2012.11.09 16:11:59.260,1.27311,1.27328,1.54,1.50
2012.11.09 16:11:59.454,1.27312,1.27331,2.07,1.73
2012.11.09 16:11:59.522,1.27312,1.27333,2.07,3.23
2012.11.09 16:11:59.872,1.27314,1.27334,1.50,1.73
2012.11.09 16:12:00.002,1.27311,1.27333,3.04,3.23
2012.11.09 16:12:01.639,1.2731,1.27332,1.50,2.48
2012.11.09 16:12:01.704,1.27309,1.27329,1.54,1.73
2012.11.09 16:12:02.012,1.27309,1.27331,3.04,2.48
2012.11.09 16:12:03.012,1.2731,1.2733,1.50,1.73
2012.11.09 16:12:04.776,1.27309,1.27329,1.32,2.48
2012.11.09 16:12:06.974,1.27309,1.27329,1.54,2.48
2012.11.09 16:12:08.106,1.27309,1.27329,1.54,2.48
2012.11.09 16:12:09.063,1.27309,1.27329,1.32,2.48
2012.11.09 16:12:09.612,1.27309,1.27329,1.32,2.48
2012.11.09 16:12:10.131,1.27309,1.27329,1.32,2.48
2012.11.09 16:12:11.588,1.2731,1.27329,1.50,1.73
2012.11.09 16:12:12.719,1.2731,1.27329,1.50,1.73
2012.11.09 16:12:13.108,1.2731,1.27329,1.32,1.73
2012.11.09 16:12:13.412,1.27314,1.27331,1.32,1.73
2012.11.09 16:12:13.472,1.27313,1.27331,1.54,1.50
2012.11.09 16:12:14.693,1.27311,1.27329,1.54,1.50
2012.11.09 16:12:14.821,1.2731,1.27329,1.54,2.25
2012.11.09 16:12:15.180,1.27308,1.27324,1.50,1.54
2012.11.09 16:12:15.771,1.27306,1.27324,1.50,1.54
2012.11.09 16:12:17.260,1.27306,1.27326,1.50,2.29
2012.11.09 16:12:18.184,1.27306,1.27326,1.73,2.29
2012.11.09 16:12:18.312,1.27306,1.27326,1.50,3.04
2012.11.09 16:12:18.376,1.27303,1.27324,1.32,1.73
2012.11.09 16:12:19.674,1.27302,1.27321,2.25,1.58
2012.11.09 16:12:19.944,1.27303,1.27324,1.50,1.73
2012.11.09 16:12:20.853,1.27302,1.27324,1.50,2.48
2012.11.09 16:12:20.935,1.273,1.27321,1.50,1.54
2012.11.09 16:12:24.551,1.273,1.27321,1.50,1.54
2012.11.09 16:12:24.862,1.27301,1.27322,1.50,2.29
2012.11.09 16:12:24.930,1.27301,1.27322,1.73,2.07
2012.11.09 16:12:25.051,1.27305,1.27325,1.50,1.73
2012.11.09 16:12:25.732,1.27307,1.27327,1.50,1.54
2012.11.09 16:12:26.411,1.27307,1.27328,1.73,1.73
2012.11.09 16:12:27.827,1.27307,1.27328,1.73,1.73
2012.11.09 16:12:28.041,1.27307,1.27328,2.48,1.73
2012.11.09 16:12:28.371,1.2731,1.27329,1.73,1.54
2012.11.09 16:12:29.183,1.2731,1.2733,1.73,1.73
2012.11.09 16:12:29.492,1.27304,1.27325,2.25,1.54
2012.11.09 16:12:29.564,1.27304,1.27324,1.50,1.73
2012.11.09 16:12:30.111,1.27301,1.27323,2.48,1.73
2012.11.09 16:12:30.611,1.27304,1.27323,1.50,1.73
2012.11.09 16:12:30.732,1.27302,1.27323,2.48,2.48
2012.11.09 16:12:33.042,1.27302,1.27323,2.48,2.48
2012.11.09 16:12:37.201,1.27302,1.27323,1.50,2.48
2012.11.09 16:12:39.681,1.27305,1.27323,1.54,2.25
2012.11.09 16:12:40.292,1.27306,1.27327,2.48,2.48
2012.11.09 16:12:41.781,1.27306,1.27325,1.50,1.54
2012.11.09 16:12:42.051,1.27304,1.27325,1.73,1.54
2012.11.09 16:12:43.613,1.27304,1.27325,1.54,1.73
2012.11.09 16:12:43.861,1.27303,1.27323,1.50,1.54
2012.11.09 16:12:44.435,1.27303,1.27323,1.50,2.29
2012.11.09 16:12:44.952,1.27303,1.27325,1.73,2.29
2012.11.09 16:12:45.075,1.27303,1.27325,2.48,2.29
2012.11.09 16:12:46.163,1.27304,1.27324,1.73,1.54
2012.11.09 16:12:46.301,1.27305,1.27324,1.73,1.54
2012.11.09 16:12:47.313,1.27307,1.27327,1.50,2.48
2012.11.09 16:12:47.714,1.27306,1.27327,1.73,1.73
2012.11.09 16:12:47.828,1.27306,1.27327,1.73,2.48
2012.11.09 16:12:50.320,1.27306,1.27327,1.50,3.04
2012.11.09 16:12:52.511,1.27306,1.27327,1.73,3.04
2012.11.09 16:12:57.832,1.27306,1.27327,3.04,1.73
2012.11.09 16:12:57.952,1.27308,1.27329,1.50,3.04
2012.11.09 16:12:58.141,1.27311,1.27329,1.50,2.29
2012.11.09 16:12:58.392,1.27312,1.27333,1.50,3.60
2012.11.09 16:12:58.511,1.2731,1.2733,2.48,1.54
2012.11.09 16:12:58.692,1.27311,1.2733,1.73,1.54
2012.11.09 16:12:59.262,1.27312,1.27332,1.73,1.35
2012.11.09 16:12:59.901,1.27311,1.27333,3.04,2.29
2012.11.09 16:13:00.124,1.27311,1.27333,3.04,1.73
2012.11.09 16:13:00.653,1.27313,1.27333,1.73,1.50
2012.11.09 16:13:01.011,1.27313,1.27329,2.48,1.50
2012.11.09 16:13:01.314,1.27311,1.27317,1.50,1.94
2012.11.09 16:13:01.444,1.273,1.27309,1.43,5.48
2012.11.09 16:13:01.871,1.27289,1.27309,1.50,5.48
2012.11.09 16:13:02.291,1.27289,1.2731,3.38,1.50
2012.11.09 16:13:02.968,1.2729,1.2731,1.50,1.50
2012.11.09 16:13:03.297,1.27284,1.27303,2.48,1.32
2012.11.09 16:13:03.601,1.27283,1.27303,1.50,1.54
2012.11.09 16:13:04.151,1.27283,1.27302,1.50,2.29
2012.11.09 16:13:04.332,1.27281,1.27301,2.25,1.73
2012.11.09 16:13:05.855,1.27281,1.27301,2.25,1.73
2012.11.09 16:13:06.410,1.27282,1.27301,1.50,1.54
2012.11.09 16:13:07.054,1.27281,1.273,2.25,2.29
2012.11.09 16:13:07.830,1.27281,1.273,2.25,2.29
2012.11.09 16:13:08.760,1.2728,1.273,3.00,2.29
2012.11.09 16:13:09.881,1.2728,1.273,3.00,2.29
2012.11.09 16:13:10.413,1.27281,1.273,1.50,1.73
2012.11.09 16:13:10.851,1.27283,1.27302,1.50,1.54
2012.11.09 16:13:10.972,1.27286,1.27308,2.07,2.75
2012.11.09 16:13:11.091,1.27287,1.27308,1.50,1.73
2012.11.09 16:13:11.161,1.27287,1.27305,1.50,1.73
2012.11.09 16:13:11.462,1.27284,1.27303,2.25,1.54
2012.11.09 16:13:12.012,1.27284,1.27303,2.25,1.54
2012.11.09 16:13:12.981,1.27284,1.27303,2.25,2.29
2012.11.09 16:13:13.763,1.27282,1.273,1.50,1.73
2012.11.09 16:13:13.831,1.27282,1.273,1.50,1.73
2012.11.09 16:13:14.341,1.27282,1.27301,1.50,1.54
2012.11.09 16:13:14.703,1.27291,1.27304,1.32,2.29
2012.11.09 16:13:14.772,1.27291,1.27304,1.54,1.50
2012.11.09 16:13:14.914,1.27291,1.2731,1.54,1.50
2012.11.09 16:13:14.981,1.27291,1.27311,1.54,2.25
2012.11.09 16:13:18.205,1.27286,1.27303,2.25,1.54
2012.11.09 16:13:18.392,1.27285,1.27301,1.50,1.73
2012.11.09 16:13:18.881,1.27284,1.27306,1.54,1.73
2012.11.09 16:13:19.612,1.27286,1.27306,3.23,1.73
2012.11.09 16:13:19.930,1.27291,1.2731,1.54,1.50
2012.11.09 16:13:20.720,1.27286,1.27307,2.29,1.50
2012.11.09 16:13:20.786,1.27286,1.27307,2.29,1.73
2012.11.09 16:13:21.721,1.27286,1.27306,4.73,1.73
2012.11.09 16:13:22.002,1.27289,1.2731,2.10,1.50
2012.11.09 16:13:22.173,1.27291,1.27312,1.54,2.48
2012.11.09 16:13:22.663,1.27291,1.27312,1.54,2.25
2012.11.09 16:13:23.132,1.27289,1.2731,2.29,3.75
2012.11.09 16:13:23.311,1.27286,1.27304,1.50,1.73
2012.11.09 16:13:23.430,1.27284,1.27304,1.73,1.73
2012.11.09 16:13:23.972,1.27282,1.27301,3.79,1.73
2012.11.09 16:13:24.571,1.27283,1.27302,1.73,1.73
2012.11.09 16:13:24.691,1.27285,1.27306,2.29,1.50
2012.11.09 16:13:26.421,1.27285,1.27306,3.04,1.73
2012.11.09 16:13:30.045,1.27285,1.27306,2.29,1.73
2012.11.09 16:13:30.112,1.27285,1.27306,2.29,1.50
2012.11.09 16:13:30.421,1.27294,1.27309,1.32,1.73
2012.11.09 16:13:30.600,1.27294,1.27311,1.54,1.50
2012.11.09 16:13:31.212,1.27294,1.27313,1.54,1.50
2012.11.09 16:13:31.612,1.27292,1.27311,1.73,3.75
2012.11.09 16:13:31.793,1.27285,1.27303,1.50,1.73
2012.11.09 16:13:32.341,1.27288,1.27306,2.25,1.54
2012.11.09 16:13:32.841,1.27286,1.27304,2.25,1.73
2012.11.09 16:13:33.022,1.27288,1.27309,2.29,1.73
2012.11.09 16:13:33.332,1.27294,1.27314,2.07,3.23
2012.11.09 16:13:33.681,1.27294,1.27314,2.29,2.25
2012.11.09 16:13:35.174,1.27293,1.27312,1.54,1.50
2012.11.09 16:13:35.512,1.27288,1.27307,3.60,1.50
2012.11.09 16:13:35.711,1.27289,1.27307,3.23,1.50
2012.11.09 16:13:36.197,1.27292,1.27312,1.54,1.50
2012.11.09 16:13:36.541,1.27288,1.27308,1.54,1.50
2012.11.09 16:13:36.600,1.27288,1.27308,1.54,1.50
2012.11.09 16:13:37.041,1.27288,1.27309,1.54,2.25
2012.11.09 16:13:37.101,1.27288,1.27309,2.29,1.50
2012.11.09 16:13:37.805,1.27288,1.27309,2.29,1.50
2012.11.09 16:13:37.932,1.27288,1.27309,2.29,1.73
2012.11.09 16:13:38.053,1.27286,1.27306,3.04,1.73
2012.11.09 16:13:44.072,1.27287,1.27309,1.73,3.04
2012.11.09 16:13:46.312,1.27287,1.27309,1.73,3.04
2012.11.09 16:13:49.622,1.27287,1.27306,1.73,1.32
2012.11.09 16:13:49.681,1.27286,1.27302,1.32,1.50
2012.11.09 16:13:49.813,1.27283,1.27302,1.73,1.50
2012.11.09 16:13:50.372,1.27281,1.27302,2.29,2.48
2012.11.09 16:13:52.581,1.27281,1.27297,2.29,2.10
2012.11.09 16:13:52.672,1.27281,1.27301,1.73,1.13
2012.11.09 16:13:52.955,1.27281,1.27302,1.73,2.25
2012.11.09 16:13:53.513,1.27282,1.27301,1.73,2.48
2012.11.09 16:13:53.584,1.27281,1.27301,1.54,1.73
2012.11.09 16:13:54.213,1.2728,1.27301,1.54,2.25
2012.11.09 16:13:56.310,1.2728,1.27301,2.29,2.48
2012.11.09 16:13:58.452,1.2728,1.27301,2.29,2.25
2012.11.09 16:13:58.717,1.27282,1.27303,1.73,1.50
2012.11.09 16:13:59.364,1.27284,1.27303,1.73,1.50
2012.11.09 16:13:59.792,1.27284,1.27303,1.73,1.65
2012.11.09 16:14:00.531,1.27284,1.27303,1.73,1.50
2012.11.09 16:14:01.622,1.27285,1.27303,3.23,1.50
2012.11.09 16:14:01.683,1.2729,1.27309,2.29,1.50
2012.11.09 16:14:01.812,1.2729,1.2731,2.29,2.25
2012.11.09 16:14:02.370,1.2729,1.2731,2.29,1.50
2012.11.09 16:14:02.887,1.2729,1.2731,2.29,1.50
2012.11.09 16:14:03.081,1.27287,1.2731,2.29,3.23
2012.11.09 16:14:03.141,1.27287,1.27308,2.29,2.48
2012.11.09 16:14:03.423,1.27287,1.27306,1.54,1.50
2012.11.09 16:14:04.012,1.27287,1.27305,1.54,1.50
2012.11.09 16:14:04.323,1.27283,1.27302,1.73,1.50
2012.11.09 16:14:04.641,1.27284,1.27305,1.73,1.32
2012.11.09 16:14:05.420,1.27283,1.27304,1.73,2.07
2012.11.09 16:14:05.483,1.27283,1.27304,1.73,2.29
2012.11.09 16:14:05.911,1.27279,1.27301,4.54,1.73
2012.11.09 16:14:06.913,1.2728,1.27302,1.73,1.73
2012.11.09 16:14:06.982,1.27284,1.27302,1.32,1.73
2012.11.09 16:14:07.540,1.27286,1.27307,1.73,1.73
2012.11.09 16:14:09.952,1.27288,1.27309,1.32,2.48
2012.11.09 16:14:10.082,1.27291,1.27309,1.54,1.50
2012.11.09 16:14:10.662,1.27291,1.27309,1.54,1.50
2012.11.09 16:14:10.866,1.27288,1.27309,2.10,2.48
2012.11.09 16:14:11.202,1.27293,1.27309,1.32,1.73
2012.11.09 16:14:11.560,1.27286,1.27306,3.60,1.50
2012.11.09 16:14:12.053,1.27286,1.27304,2.85,1.50
2012.11.09 16:14:12.121,1.27286,1.27304,1.35,1.50
2012.11.09 16:14:12.513,1.27285,1.27304,2.10,2.25
2012.11.09 16:14:13.529,1.27285,1.27305,2.29,1.50
2012.11.09 16:14:13.772,1.27287,1.27307,1.54,1.73
2012.11.09 16:14:15.151,1.27287,1.27307,1.54,1.73
2012.11.09 16:14:15.271,1.27286,1.27307,2.29,1.73
2012.11.09 16:14:16.632,1.27287,1.27307,1.54,1.73
2012.11.09 16:14:16.701,1.27291,1.27309,1.54,1.50
2012.11.09 16:14:16.762,1.27286,1.27307,3.23,1.50
2012.11.09 16:14:16.941,1.27288,1.27309,1.54,2.25
2012.11.09 16:14:17.463,1.27287,1.27307,1.54,1.50
2012.11.09 16:14:17.680,1.27288,1.27308,1.54,1.50
2012.11.09 16:14:17.861,1.27287,1.27308,2.29,1.50
2012.11.09 16:14:18.290,1.27288,1.27308,1.54,2.25
2012.11.09 16:14:18.794,1.27288,1.27308,1.54,1.50
2012.11.09 16:14:19.620,1.27288,1.27308,2.29,1.50
2012.11.09 16:14:19.754,1.27288,1.27307,1.54,1.50
2012.11.09 16:14:20.974,1.27287,1.27308,1.54,1.73
2012.11.09 16:14:21.043,1.27286,1.27306,1.54,1.50
2012.11.09 16:14:23.372,1.27288,1.27307,1.54,1.50
2012.11.09 16:14:25.617,1.27288,1.27307,1.54,1.73
2012.11.09 16:14:26.691,1.27294,1.27312,1.32,1.73
2012.11.09 16:14:26.993,1.27288,1.27307,1.54,1.50
2012.11.09 16:14:27.061,1.27288,1.27307,1.54,1.50
2012.11.09 16:14:27.707,1.27288,1.27307,1.54,1.73
2012.11.09 16:14:28.633,1.27294,1.27307,1.32,1.73
2012.11.09 16:14:28.897,1.2729,1.2731,1.73,2.85
2012.11.09 16:14:28.963,1.2729,1.2731,1.73,2.25
2012.11.09 16:14:29.162,1.2729,1.27307,1.50,1.73
2012.11.09 16:14:29.283,1.2729,1.2731,1.50,1.73
2012.11.09 16:14:29.606,1.27296,1.27314,2.07,1.54
2012.11.09 16:14:29.731,1.27298,1.27314,1.73,1.32
2012.11.09 16:14:29.912,1.273,1.27315,1.50,1.54
2012.11.09 16:14:30.211,1.27302,1.27322,1.73,1.50
2012.11.09 16:14:30.531,1.27302,1.27322,1.73,1.50
2012.11.09 16:14:30.834,1.273,1.27316,1.50,2.33
2012.11.09 16:14:31.152,1.27297,1.27308,1.50,1.73
2012.11.09 16:14:31.222,1.27297,1.27315,1.50,1.73
2012.11.09 16:14:31.412,1.27293,1.27313,1.54,1.73
2012.11.09 16:14:31.941,1.27293,1.27313,2.29,1.73
2012.11.09 16:14:32.836,1.27293,1.27313,3.04,1.73
2012.11.09 16:14:33.022,1.27297,1.27315,1.50,1.73
2012.11.09 16:14:33.579,1.27297,1.27317,1.73,1.73
2012.11.09 16:14:34.112,1.27297,1.27317,1.73,1.73
2012.11.09 16:14:36.201,1.27296,1.27315,1.54,1.50
2012.11.09 16:14:36.742,1.27296,1.27316,1.32,1.73
2012.11.09 16:14:36.931,1.27296,1.27316,1.54,1.50
2012.11.09 16:14:37.052,1.27296,1.27316,1.54,1.50
2012.11.09 16:14:37.733,1.27297,1.27316,1.73,1.50
2012.11.09 16:14:38.291,1.27297,1.27316,1.50,1.73
2012.11.09 16:14:39.392,1.27298,1.27314,1.32,2.25
2012.11.09 16:14:39.904,1.27296,1.27314,3.23,1.50
2012.11.09 16:14:41.483,1.27297,1.27316,1.54,2.48
2012.11.09 16:14:41.618,1.27294,1.27314,1.73,2.29
2012.11.09 16:14:41.683,1.27294,1.27313,1.50,1.73
2012.11.09 16:14:41.754,1.27293,1.27313,1.73,1.73
2012.11.09 16:14:42.115,1.27293,1.27313,1.73,1.73
2012.11.09 16:14:44.149,1.27291,1.27307,1.54,1.50
2012.11.09 16:14:44.272,1.27291,1.27307,1.32,1.73
2012.11.09 16:14:44.631,1.27289,1.27307,1.32,1.73
2012.11.09 16:14:44.692,1.27289,1.27307,1.32,1.73
2012.11.09 16:14:44.871,1.27288,1.27307,1.54,1.73
2012.11.09 16:14:46.655,1.27287,1.27307,1.73,1.73
2012.11.09 16:14:47.403,1.27287,1.27309,1.73,3.04
2012.11.09 16:14:47.482,1.2729,1.27309,1.50,1.54
2012.11.09 16:14:47.853,1.2729,1.27309,1.73,2.29
2012.11.09 16:14:48.043,1.27286,1.27307,3.04,1.73
2012.11.09 16:14:48.453,1.27288,1.27307,1.73,1.73
2012.11.09 16:14:48.583,1.27289,1.27307,1.50,1.73
2012.11.09 16:14:48.902,1.27291,1.27309,1.73,1.54
2012.11.09 16:14:48.972,1.27291,1.27309,1.73,1.54
2012.11.09 16:14:49.161,1.27295,1.27311,1.54,1.50
2012.11.09 16:14:49.812,1.27294,1.27315,1.32,1.73
2012.11.09 16:14:49.872,1.27294,1.27315,1.32,1.73
2012.11.09 16:14:50.383,1.27292,1.27315,3.04,2.29
2012.11.09 16:14:50.978,1.27292,1.27315,3.04,2.29
2012.11.09 16:14:51.313,1.27298,1.27317,1.54,1.73
2012.11.09 16:14:51.631,1.27298,1.27317,1.54,1.73
2012.11.09 16:14:51.811,1.27298,1.27317,1.54,1.73
2012.11.09 16:14:52.264,1.27298,1.27316,1.54,2.48
2012.11.09 16:14:52.452,1.27295,1.27314,2.07,1.73
2012.11.09 16:14:52.523,1.27295,1.27316,2.82,1.54
2012.11.09 16:14:52.711,1.27299,1.27317,1.32,1.73
2012.11.09 16:14:52.892,1.27301,1.2732,1.50,2.48
2012.11.09 16:14:53.399,1.273,1.2732,2.25,2.48
2012.11.09 16:14:53.936,1.27301,1.27321,2.25,2.48
2012.11.09 16:14:54.372,1.27301,1.2732,1.73,1.32
2012.11.09 16:14:54.695,1.27298,1.27318,2.82,1.73
2012.11.09 16:14:54.903,1.273,1.2732,2.25,3.04
2012.11.09 16:14:55.048,1.273,1.2732,1.50,3.04
2012.11.09 16:14:55.265,1.273,1.27319,1.50,2.33
2012.11.09 16:14:55.711,1.27297,1.27317,1.54,2.25
2012.11.09 16:14:55.804,1.27297,1.27317,1.54,2.25
2012.11.09 16:14:56.015,1.27297,1.27316,1.54,2.25
2012.11.09 16:14:56.089,1.27297,1.27314,1.32,1.58
2012.11.09 16:14:56.272,1.27296,1.27312,1.32,1.50
2012.11.09 16:14:56.792,1.27296,1.27306,1.32,1.50
2012.11.09 16:14:57.096,1.27295,1.27313,1.13,1.58
2012.11.09 16:14:57.343,1.27295,1.27314,1.32,1.73
2012.11.09 16:14:57.771,1.27299,1.2732,2.25,1.54
2012.11.09 16:14:57.951,1.27299,1.2732,2.25,1.54
2012.11.09 16:14:58.013,1.27302,1.2732,1.50,1.54
2012.11.09 16:14:58.711,1.27299,1.27319,1.73,1.73
2012.11.09 16:14:59.361,1.27299,1.27319,1.73,1.73
2012.11.09 16:15:00.172,1.273,1.27319,2.07,1.73
2012.11.09 16:15:00.241,1.27301,1.27319,2.29,1.50
2012.11.09 16:15:00.793,1.27307,1.27322,1.32,1.73
2012.11.09 16:15:01.129,1.27307,1.27325,2.29,1.50
2012.11.09 16:15:01.196,1.27304,1.27322,1.35,1.73
2012.11.09 16:15:01.325,1.27304,1.2732,1.35,1.50
2012.11.09 16:15:01.634,1.27299,1.27319,1.54,3.30
2012.11.09 16:15:01.943,1.27299,1.27315,1.32,2.33
2012.11.09 16:15:02.082,1.27295,1.27312,1.32,1.50
2012.11.09 16:15:03.205,1.27293,1.2731,1.54,1.50
2012.11.09 16:15:03.484,1.27292,1.2731,1.54,1.50
2012.11.09 16:15:03.672,1.27291,1.2731,1.54,1.50
2012.11.09 16:15:03.794,1.27291,1.27311,1.54,1.50
2012.11.09 16:15:03.983,1.27296,1.27314,1.73,1.50
2012.11.09 16:15:08.634,1.27298,1.27317,1.73,1.50
2012.11.09 16:15:08.965,1.27299,1.27317,2.48,1.50
2012.11.09 16:15:09.035,1.27299,1.2732,1.73,1.50
2012.11.09 16:15:09.233,1.27301,1.2732,1.50,1.73
2012.11.09 16:15:09.872,1.27301,1.2732,1.65,1.73
2012.11.09 16:15:09.934,1.27301,1.2732,1.65,1.73
2012.11.09 16:15:10.002,1.27304,1.27324,1.32,1.73
2012.11.09 16:15:10.311,1.27306,1.27324,1.47,1.50
2012.11.09 16:15:11.263,1.27304,1.27324,2.29,1.50
2012.11.09 16:15:11.645,1.27304,1.27324,2.29,1.50
2012.11.09 16:15:12.183,1.27304,1.27324,2.29,1.50
2012.11.09 16:15:12.704,1.27308,1.27324,1.32,1.50
2012.11.09 16:15:12.772,1.27308,1.27325,1.54,2.25
2012.11.09 16:15:13.284,1.27306,1.27326,2.29,1.73
2012.11.09 16:15:19.582,1.27305,1.27326,2.29,1.73
2012.11.09 16:15:21.311,1.27305,1.27326,2.29,1.73
2012.11.09 16:15:22.253,1.27305,1.27326,2.29,2.48
2012.11.09 16:15:23.031,1.27303,1.27322,1.73,1.73
2012.11.09 16:15:23.594,1.27303,1.27322,1.73,1.73
2012.11.09 16:15:24.692,1.27307,1.27322,1.32,1.73
2012.11.09 16:15:25.254,1.27307,1.27328,2.29,1.73
2012.11.09 16:15:26.721,1.27307,1.27328,2.29,1.73
2012.11.09 16:15:27.861,1.27303,1.27324,2.48,2.48
2012.11.09 16:15:31.361,1.27304,1.27324,1.32,2.48
2012.11.09 16:15:31.721,1.27304,1.27325,1.54,1.50
2012.11.09 16:15:31.781,1.27304,1.27325,1.32,2.48
2012.11.09 16:15:31.901,1.27303,1.27322,1.54,1.73
2012.11.09 16:15:31.961,1.27302,1.27322,1.73,1.73
2012.11.09 16:15:32.261,1.27302,1.27322,1.73,1.73
2012.11.09 16:15:32.693,1.27299,1.27316,3.04,1.50
2012.11.09 16:15:32.761,1.27299,1.27316,2.25,2.29
2012.11.09 16:15:33.067,1.27299,1.27314,2.25,1.73
2012.11.09 16:15:33.131,1.27294,1.27314,3.23,1.73
2012.11.09 16:15:34.602,1.27291,1.27312,2.29,1.50
2012.11.09 16:15:35.471,1.27291,1.27312,2.29,1.50
2012.11.09 16:15:36.242,1.27287,1.27307,4.73,1.73
2012.11.09 16:15:37.613,1.27292,1.27307,3.00,1.73
2012.11.09 16:15:37.683,1.27296,1.27307,1.32,1.50
2012.11.09 16:15:37.815,1.27297,1.27314,1.54,1.50
2012.11.09 16:15:37.942,1.27292,1.27312,1.73,1.73
2012.11.09 16:15:38.002,1.27292,1.27312,1.73,1.73
2012.11.09 16:15:39.753,1.27292,1.27311,1.50,1.73
2012.11.09 16:15:41.401,1.27291,1.27311,1.50,1.73
2012.11.09 16:15:43.601,1.27292,1.27311,1.32,1.73
2012.11.09 16:15:43.841,1.27294,1.27312,1.54,1.50
2012.11.09 16:15:43.902,1.27294,1.27312,1.54,1.50
2012.11.09 16:15:45.100,1.27294,1.27312,1.54,2.25
2012.11.09 16:15:45.629,1.27296,1.27314,1.32,2.48
2012.11.09 16:15:45.695,1.27296,1.27314,1.54,2.25
2012.11.09 16:15:46.198,1.27297,1.27318,1.73,3.23
2012.11.09 16:15:46.274,1.27297,1.27315,1.50,1.73
2012.11.09 16:15:46.402,1.27294,1.27312,1.50,1.73
2012.11.09 16:15:46.821,1.27292,1.27312,3.00,1.73
2012.11.09 16:15:47.875,1.27294,1.27312,1.50,1.73
2012.11.09 16:15:48.002,1.27295,1.27316,1.73,1.73
2012.11.09 16:15:48.752,1.27293,1.27311,1.50,1.73
2012.11.09 16:15:48.812,1.27291,1.27311,1.73,1.73
2012.11.09 16:15:54.365,1.27291,1.27311,1.73,1.73
2012.11.09 16:15:54.611,1.27293,1.27311,1.73,1.73
2012.11.09 16:15:54.803,1.27293,1.27315,1.73,3.79
2012.11.09 16:15:55.113,1.27293,1.27308,1.73,2.10
2012.11.09 16:15:55.422,1.27289,1.27305,1.73,1.50
2012.11.09 16:15:55.665,1.27289,1.27308,1.73,3.08
2012.11.09 16:15:55.852,1.27289,1.27306,1.73,1.50
2012.11.09 16:15:55.979,1.27289,1.27308,1.73,1.35
2012.11.09 16:15:57.283,1.27292,1.27309,1.73,1.32
2012.11.09 16:15:58.083,1.27292,1.27312,1.73,1.73
2012.11.09 16:15:58.332,1.27289,1.27308,1.50,3.64
2012.11.09 16:15:58.642,1.27285,1.27303,2.07,1.73
2012.11.09 16:15:58.843,1.2728,1.27301,2.48,1.73
2012.11.09 16:16:01.064,1.2728,1.27301,3.98,1.73
2012.11.09 16:16:01.193,1.27283,1.27301,1.32,1.73
2012.11.09 16:16:01.718,1.27289,1.27308,1.73,1.73
2012.11.09 16:16:03.804,1.27289,1.2731,1.73,2.48
2012.11.09 16:16:04.314,1.27288,1.27309,1.73,1.73
2012.11.09 16:16:06.771,1.27289,1.27309,1.73,1.54
2012.11.09 16:16:07.712,1.27288,1.27309,3.23,2.29
2012.11.09 16:16:08.832,1.27288,1.27309,2.48,1.50
2012.11.09 16:16:10.824,1.27286,1.27303,1.54,1.58
2012.11.09 16:16:10.899,1.27283,1.273,1.73,1.50
2012.11.09 16:16:11.263,1.27281,1.273,3.04,1.50
2012.11.09 16:16:13.361,1.27281,1.273,1.54,1.50
2012.11.09 16:16:14.193,1.27281,1.27297,1.32,1.73
2012.11.09 16:16:14.263,1.27276,1.27297,1.54,1.73
2012.11.09 16:16:14.905,1.27276,1.27297,1.54,2.48
2012.11.09 16:16:15.624,1.27276,1.27297,1.54,1.73
2012.11.09 16:16:19.151,1.27273,1.27292,1.73,1.50
2012.11.09 16:16:19.331,1.27272,1.27291,2.25,3.23
2012.11.09 16:16:19.452,1.27271,1.27289,2.48,1.50
2012.11.09 16:16:20.002,1.27267,1.27285,1.54,2.85
2012.11.09 16:16:20.122,1.27265,1.27284,1.73,2.48
2012.11.09 16:16:21.655,1.27262,1.2728,3.23,2.07
2012.11.09 16:16:22.151,1.2726,1.27278,1.73,2.25
2012.11.09 16:16:22.671,1.2726,1.2728,1.73,2.29
2012.11.09 16:16:23.688,1.27271,1.27283,1.32,1.73
2012.11.09 16:16:23.837,1.27267,1.27287,1.73,1.73
2012.11.09 16:16:23.901,1.27272,1.27288,1.32,1.73
2012.11.09 16:16:24.172,1.27272,1.2729,1.32,2.48
2012.11.09 16:16:24.305,1.27269,1.27287,1.54,1.50
2012.11.09 16:16:24.629,1.27269,1.27287,1.54,1.50
2012.11.09 16:16:25.143,1.27268,1.27287,1.54,1.50
2012.11.09 16:16:29.739,1.27267,1.27287,1.73,1.50
2012.11.09 16:16:30.002,1.2727,1.27288,1.73,1.50
2012.11.09 16:16:30.685,1.27269,1.27287,1.73,1.50
2012.11.09 16:16:31.172,1.2727,1.27288,1.73,1.50
2012.11.09 16:16:33.951,1.27268,1.27287,2.29,1.50
2012.11.09 16:16:34.391,1.27268,1.27281,1.54,1.50
2012.11.09 16:16:34.572,1.2726,1.27274,1.50,1.50
2012.11.09 16:16:34.634,1.27258,1.27274,1.50,1.50
2012.11.09 16:16:34.707,1.27256,1.27269,2.03,1.50
2012.11.09 16:16:34.844,1.27253,1.27268,2.25,1.35
2012.11.09 16:16:35.502,1.27253,1.27272,1.50,2.48
2012.11.09 16:16:35.807,1.27257,1.27275,1.73,3.75
2012.11.09 16:16:36.244,1.27254,1.27273,1.32,3.08
2012.11.09 16:16:36.312,1.27252,1.27273,1.54,3.08
2012.11.09 16:16:36.831,1.27251,1.27273,1.73,3.08
2012.11.09 16:16:37.212,1.2725,1.27267,1.50,2.29
2012.11.09 16:16:37.283,1.27247,1.27267,2.48,2.29
2012.11.09 16:16:37.912,1.27246,1.27265,2.10,1.73
2012.11.09 16:16:38.152,1.27248,1.27267,1.32,1.73
2012.11.09 16:16:38.454,1.2725,1.27271,2.29,1.50
2012.11.09 16:16:39.204,1.2725,1.27271,2.29,1.73
2012.11.09 16:16:39.623,1.27252,1.27271,3.23,1.73
2012.11.09 16:16:39.811,1.27257,1.27273,1.54,1.50
2012.11.09 16:16:39.932,1.27255,1.27272,1.54,1.50
2012.11.09 16:16:39.992,1.27253,1.27272,1.73,1.73
2012.11.09 16:16:42.644,1.27254,1.27273,1.50,1.58
2012.11.09 16:16:42.832,1.27257,1.27275,1.54,1.50
2012.11.09 16:16:43.337,1.27257,1.27275,1.54,1.50
2012.11.09 16:16:45.112,1.27257,1.27275,1.54,1.50
2012.11.09 16:16:46.381,1.27257,1.27277,2.29,2.25
2012.11.09 16:16:46.741,1.27257,1.27277,2.29,2.25
2012.11.09 16:16:47.271,1.27257,1.27276,2.29,1.35
2012.11.09 16:16:48.310,1.27257,1.2727,1.54,1.50
2012.11.09 16:16:48.495,1.27251,1.27268,1.32,1.54
2012.11.09 16:16:48.621,1.27249,1.27268,1.50,2.29
2012.11.09 16:16:48.803,1.2725,1.2727,2.29,1.50
2012.11.09 16:16:49.331,1.2725,1.2727,3.04,1.50
2012.11.09 16:16:50.098,1.2725,1.27269,3.04,1.73
2012.11.09 16:16:51.306,1.2725,1.27269,3.04,1.73
2012.11.09 16:16:51.612,1.27253,1.27269,1.32,1.73
2012.11.09 16:16:51.851,1.27257,1.27274,1.32,1.50
2012.11.09 16:16:52.921,1.27254,1.27273,1.54,1.50
2012.11.09 16:16:53.042,1.27253,1.27273,1.50,1.73
2012.11.09 16:16:53.221,1.27251,1.2727,2.07,1.73
2012.11.09 16:16:54.024,1.27251,1.2727,2.07,1.73
2012.11.09 16:16:54.212,1.27252,1.27273,1.54,2.48
2012.11.09 16:16:54.572,1.27246,1.27265,1.35,1.73
2012.11.09 16:16:54.900,1.27244,1.27263,2.29,1.73
2012.11.09 16:16:55.213,1.27244,1.27263,2.29,1.73
2012.11.09 16:16:55.774,1.27244,1.27263,2.29,1.50
2012.11.09 16:16:56.372,1.27245,1.27263,1.54,1.50
2012.11.09 16:16:56.969,1.27245,1.27263,1.54,1.73
2012.11.09 16:16:57.042,1.27244,1.27263,2.85,1.73
2012.11.09 16:17:01.773,1.27243,1.27262,1.50,1.58
2012.11.09 16:17:01.844,1.27241,1.27261,2.29,2.48
2012.11.09 16:17:02.152,1.27241,1.2726,1.54,1.73
2012.11.09 16:17:02.763,1.27246,1.27264,1.73,1.50
2012.11.09 16:17:04.352,1.27246,1.27264,1.50,1.73
2012.11.09 16:17:04.695,1.27246,1.27262,1.50,1.58
2012.11.09 16:17:04.825,1.27243,1.27262,3.79,2.10
2012.11.09 16:17:05.076,1.27249,1.27266,1.73,1.13
2012.11.09 16:17:05.454,1.2725,1.27272,2.29,3.98
2012.11.09 16:17:06.133,1.27251,1.27272,1.73,3.23
2012.11.09 16:17:08.863,1.27251,1.27272,1.73,3.23
2012.11.09 16:17:09.312,1.27251,1.27272,1.73,1.73
2012.11.09 16:17:09.495,1.27253,1.27275,2.48,2.29
2012.11.09 16:17:10.052,1.27253,1.27272,1.54,1.73
2012.11.09 16:17:10.462,1.27253,1.27272,1.54,1.73
2012.11.09 16:17:11.342,1.27253,1.27269,1.54,1.50
2012.11.09 16:17:11.462,1.2725,1.27264,2.25,1.50
2012.11.09 16:17:11.522,1.27249,1.27264,1.73,1.50
2012.11.09 16:17:11.701,1.27247,1.27263,2.29,1.50
2012.11.09 16:17:11.821,1.27247,1.27263,1.54,1.50
2012.11.09 16:17:12.072,1.27246,1.27264,1.54,1.73
2012.11.09 16:17:15.462,1.27246,1.27265,1.54,1.73
2012.11.09 16:17:15.523,1.27246,1.27265,2.29,1.73
2012.11.09 16:17:15.902,1.27251,1.27269,1.50,1.73
2012.11.09 16:17:16.556,1.27251,1.27269,1.73,1.73
2012.11.09 16:17:16.629,1.27251,1.27269,1.50,1.73
2012.11.09 16:17:16.943,1.27256,1.27269,1.54,1.50
2012.11.09 16:17:17.477,1.27256,1.27272,1.54,1.50
2012.11.09 16:17:17.732,1.27249,1.27269,1.73,1.73
2012.11.09 16:17:18.242,1.27247,1.27266,3.79,1.50
2012.11.09 16:17:18.422,1.27247,1.27266,2.07,1.73
2012.11.09 16:17:18.801,1.27246,1.27265,2.48,1.73
2012.11.09 16:17:19.583,1.27243,1.27264,3.04,1.73
2012.11.09 16:17:21.154,1.27243,1.27262,1.73,1.54
2012.11.09 16:17:21.223,1.27242,1.27261,1.73,1.32
2012.11.09 16:17:21.294,1.2724,1.2726,2.25,1.73
2012.11.09 16:17:22.433,1.27239,1.27258,2.48,1.50
2012.11.09 16:17:22.681,1.2724,1.2726,1.73,2.48
2012.11.09 16:17:23.241,1.27238,1.27258,2.29,1.50
2012.11.09 16:17:23.764,1.27238,1.27258,2.29,1.50
2012.11.09 16:17:24.012,1.27238,1.27255,1.54,1.50
2012.11.09 16:17:26.536,1.27237,1.27255,1.54,1.50
2012.11.09 16:17:29.708,1.27237,1.27255,1.54,1.50
2012.11.09 16:17:30.963,1.27237,1.27255,1.54,1.50
2012.11.09 16:17:31.243,1.27237,1.27255,1.54,1.50
2012.11.09 16:17:31.491,1.27244,1.27264,2.29,3.98
2012.11.09 16:17:32.433,1.27241,1.27257,1.73,1.88
2012.11.09 16:17:32.503,1.27239,1.27255,1.50,1.54
2012.11.09 16:17:32.693,1.27239,1.27255,1.50,1.54
2012.11.09 16:17:33.072,1.27235,1.27254,1.43,1.73
2012.11.09 16:17:33.373,1.27234,1.27254,1.73,1.73
2012.11.09 16:17:34.164,1.27234,1.27254,1.73,1.73
2012.11.09 16:17:36.643,1.27234,1.27254,2.29,1.73
2012.11.09 16:17:36.854,1.27234,1.27251,1.32,1.73
2012.11.09 16:17:37.493,1.27234,1.27251,1.32,1.73
2012.11.09 16:17:38.052,1.27231,1.27247,1.54,1.50
2012.11.09 16:17:38.672,1.27231,1.2725,2.29,1.73
2012.11.09 16:17:38.923,1.27231,1.2725,2.29,1.73
2012.11.09 16:17:39.869,1.27232,1.27251,1.73,1.73
2012.11.09 16:17:40.071,1.27234,1.27253,1.50,3.08
2012.11.09 16:17:40.875,1.27231,1.27247,1.54,1.50
2012.11.09 16:17:41.251,1.27231,1.27247,1.54,1.50
2012.11.09 16:17:41.954,1.27228,1.27247,3.04,1.50
2012.11.09 16:17:42.022,1.27228,1.27247,3.04,1.50
2012.11.09 16:17:42.082,1.27228,1.27247,3.04,1.50
2012.11.09 16:17:42.442,1.27228,1.27247,2.29,2.48
2012.11.09 16:17:42.624,1.2723,1.27248,1.73,1.73
2012.11.09 16:17:43.612,1.2723,1.27249,1.73,1.73
2012.11.09 16:17:44.512,1.2723,1.27249,2.29,1.50
2012.11.09 16:17:44.593,1.2723,1.27249,2.29,1.50
2012.11.09 16:17:44.931,1.2723,1.27249,2.29,1.50
2012.11.09 16:17:50.971,1.2723,1.27249,2.29,1.50
2012.11.09 16:17:51.072,1.2723,1.27249,2.29,1.50
2012.11.09 16:17:51.882,1.27234,1.27249,3.75,1.50
2012.11.09 16:17:51.943,1.27238,1.27254,1.32,1.73
2012.11.09 16:17:52.372,1.27235,1.27252,1.54,1.50
2012.11.09 16:17:52.672,1.27232,1.27249,1.73,1.32
2012.11.09 16:17:52.733,1.27228,1.27247,1.50,1.73
2012.11.09 16:17:52.801,1.27227,1.27247,3.98,1.73
2012.11.09 16:17:53.468,1.27227,1.27247,1.73,1.73
2012.11.09 16:17:54.151,1.27227,1.27247,1.73,1.73
2012.11.09 16:17:54.453,1.27224,1.27241,2.29,1.50
2012.11.09 16:17:55.053,1.27225,1.27243,2.14,1.73
2012.11.09 16:17:56.043,1.27225,1.27239,1.32,1.73
2012.11.09 16:17:56.171,1.2722,1.27239,1.50,1.73
2012.11.09 16:17:56.323,1.27219,1.27239,1.58,1.73
2012.11.09 16:18:01.374,1.27219,1.2724,1.73,1.73
2012.11.09 16:18:05.694,1.2722,1.2724,1.54,2.48
2012.11.09 16:18:08.073,1.27222,1.2724,1.50,1.73
2012.11.09 16:18:08.262,1.27225,1.27243,2.07,1.73
2012.11.09 16:18:08.504,1.27225,1.27243,2.29,1.50
2012.11.09 16:18:09.439,1.27225,1.27243,2.29,1.50
2012.11.09 16:18:09.953,1.27225,1.27243,1.50,1.73
2012.11.09 16:18:10.696,1.27224,1.2724,1.32,1.58
2012.11.09 16:18:11.015,1.27222,1.27235,1.50,1.58
2012.11.09 16:18:11.084,1.2722,1.27235,1.50,1.58
2012.11.09 16:18:11.216,1.27214,1.27234,1.54,1.73
2012.11.09 16:18:11.341,1.27214,1.27234,1.32,2.48
2012.11.09 16:18:11.863,1.27214,1.2723,2.82,2.33
2012.11.09 16:18:11.992,1.27214,1.27234,3.04,2.33
2012.11.09 16:18:12.254,1.27216,1.27236,4.35,1.88
2012.11.09 16:18:12.442,1.27221,1.27237,1.73,1.65
2012.11.09 16:18:12.802,1.27221,1.2724,1.73,3.08
2012.11.09 16:18:13.291,1.2722,1.27238,1.73,1.50
2012.11.09 16:18:13.651,1.27216,1.27236,3.04,2.48
2012.11.09 16:18:14.111,1.27215,1.27235,1.54,2.48
2012.11.09 16:18:18.094,1.27216,1.27236,1.54,2.48
2012.11.09 16:18:18.352,1.27221,1.27241,1.73,1.54
2012.11.09 16:18:18.872,1.27221,1.27241,1.73,1.54
2012.11.09 16:18:20.074,1.27221,1.27241,1.73,1.54
2012.11.09 16:18:21.171,1.27221,1.27242,2.29,1.73
2012.11.09 16:18:21.291,1.27221,1.27241,2.29,3.08
2012.11.09 16:18:23.484,1.27221,1.2724,1.54,2.33
2012.11.09 16:18:26.112,1.27221,1.2724,1.54,2.33
2012.11.09 16:18:26.333,1.27222,1.27241,1.73,2.85
2012.11.09 16:18:26.882,1.27222,1.27241,1.73,2.85
2012.11.09 16:18:32.736,1.27223,1.27241,1.54,2.85
2012.11.09 16:18:33.243,1.27222,1.27241,2.29,3.83
2012.11.09 16:18:37.084,1.27222,1.27241,2.07,3.83
2012.11.09 16:18:38.682,1.27223,1.27241,1.54,2.85
2012.11.09 16:18:43.571,1.27224,1.27243,1.54,2.48
2012.11.09 16:18:44.433,1.27225,1.27244,1.73,4.73
2012.11.09 16:18:44.503,1.27225,1.27244,2.48,3.00
2012.11.09 16:18:44.812,1.27229,1.27247,1.54,1.50
2012.11.09 16:18:45.184,1.27227,1.27247,2.29,1.73
2012.11.09 16:18:45.395,1.27227,1.27242,1.73,1.17
2012.11.09 16:18:45.583,1.27222,1.27239,3.75,1.73
2012.11.09 16:18:45.654,1.27222,1.27238,1.50,1.73
2012.11.09 16:18:45.962,1.27222,1.27235,1.50,2.14
2012.11.09 16:18:46.141,1.27217,1.27233,1.50,1.73
2012.11.09 16:18:46.201,1.27213,1.27233,1.73,1.73
2012.11.09 16:18:46.532,1.27213,1.27235,2.40,1.54
2012.11.09 16:18:47.023,1.27212,1.2723,2.25,2.14
2012.11.09 16:18:47.271,1.27212,1.27234,2.40,1.73
2012.11.09 16:18:47.762,1.27212,1.27233,1.73,2.48
2012.11.09 16:18:47.942,1.27211,1.27231,2.29,2.48
2012.11.09 16:18:48.602,1.2721,1.27231,2.07,2.29
2012.11.09 16:18:48.788,1.27212,1.27231,1.73,1.54
2012.11.09 16:18:49.052,1.27212,1.27231,1.73,1.54
2012.11.09 16:18:49.634,1.27213,1.27233,3.23,1.54
2012.11.09 16:18:49.824,1.27218,1.27235,1.54,1.32
2012.11.09 16:18:50.345,1.27218,1.27236,1.54,2.25
2012.11.09 16:18:50.752,1.27217,1.27235,1.50,1.54
2012.11.09 16:18:51.062,1.27218,1.27236,2.29,1.50
2012.11.09 16:18:51.121,1.27218,1.27236,2.29,1.50
2012.11.09 16:18:55.865,1.27218,1.27235,1.54,1.50
2012.11.09 16:18:56.172,1.27216,1.27234,1.32,2.33
2012.11.09 16:18:56.231,1.27215,1.27234,1.54,3.08
2012.11.09 16:18:58.791,1.27214,1.27232,1.73,1.50
2012.11.09 16:18:59.524,1.27213,1.27232,1.54,1.50
2012.11.09 16:19:00.803,1.27214,1.27232,1.73,1.50
2012.11.09 16:19:01.113,1.2722,1.27237,1.54,1.50
2012.11.09 16:19:01.293,1.2722,1.27238,1.54,2.85
2012.11.09 16:19:03.045,1.27219,1.27233,1.54,1.13
2012.11.09 16:19:03.131,1.27214,1.27232,1.73,1.58
2012.11.09 16:19:03.552,1.27213,1.27233,2.48,3.60
2012.11.09 16:19:03.622,1.27212,1.27232,1.73,1.73
2012.11.09 16:19:04.161,1.27211,1.27231,2.25,1.73
2012.11.09 16:19:04.403,1.2721,1.27228,1.73,1.35
2012.11.09 16:19:04.472,1.2721,1.27228,1.73,1.35
2012.11.09 16:19:05.683,1.2721,1.2723,1.73,1.35
2012.11.09 16:19:05.998,1.2721,1.27228,1.50,3.42
2012.11.09 16:19:06.072,1.2721,1.27228,1.73,2.10
2012.11.09 16:19:06.150,1.27207,1.27224,2.29,1.50
2012.11.09 16:19:06.286,1.27209,1.27228,1.73,2.10
2012.11.09 16:19:06.832,1.27209,1.27229,1.73,1.50
2012.11.09 16:19:06.953,1.27212,1.27229,1.50,1.50
2012.11.09 16:19:07.802,1.27212,1.27232,2.48,1.73
2012.11.09 16:19:07.922,1.27214,1.27234,1.73,2.29
2012.11.09 16:19:08.992,1.27215,1.27236,2.48,1.35
2012.11.09 16:19:09.304,1.27219,1.27236,1.50,1.35
2012.11.09 16:19:09.474,1.27219,1.27235,1.50,1.50
2012.11.09 16:19:09.795,1.2722,1.27237,1.54,1.50
2012.11.09 16:19:09.981,1.2722,1.27239,3.04,3.00
2012.11.09 16:19:10.187,1.2722,1.27236,1.50,1.73
2012.11.09 16:19:10.503,1.27216,1.27238,3.23,1.73
2012.11.09 16:19:10.573,1.27216,1.27238,2.48,1.73
2012.11.09 16:19:11.329,1.27216,1.27238,2.48,1.73
2012.11.09 16:19:11.724,1.27222,1.27238,1.54,2.25
2012.11.09 16:19:13.022,1.27222,1.27239,1.54,2.25
2012.11.09 16:19:13.633,1.27222,1.27236,1.54,1.35
2012.11.09 16:19:13.827,1.27215,1.27234,1.73,1.73
2012.11.09 16:19:13.893,1.27215,1.27234,1.50,1.73
2012.11.09 16:19:14.663,1.27216,1.27234,1.50,1.73
2012.11.09 16:19:14.736,1.27216,1.27234,1.50,1.73
2012.11.09 16:19:14.802,1.27216,1.27234,1.73,1.50
2012.11.09 16:19:14.983,1.27218,1.27237,1.73,1.73
2012.11.09 16:19:15.116,1.27218,1.27237,1.73,1.73
2012.11.09 16:19:15.512,1.27219,1.27237,1.50,1.73
2012.11.09 16:19:15.852,1.27221,1.27241,1.50,3.60
2012.11.09 16:19:16.712,1.27218,1.27235,1.50,2.89
2012.11.09 16:19:16.773,1.27215,1.27235,2.25,2.89
2012.11.09 16:19:16.843,1.27215,1.27235,2.25,3.64
2012.11.09 16:19:16.973,1.27215,1.27235,2.25,3.64
2012.11.09 16:19:17.043,1.27219,1.27235,1.50,1.32
2012.11.09 16:19:17.363,1.27219,1.27236,1.50,1.50
2012.11.09 16:19:17.639,1.27218,1.27233,1.32,1.73
2012.11.09 16:19:18.153,1.27216,1.27234,1.32,1.73
2012.11.09 16:19:18.222,1.27214,1.27234,1.50,1.73
2012.11.09 16:19:18.642,1.27214,1.2723,1.50,1.50
2012.11.09 16:19:18.714,1.27212,1.2723,1.73,2.82
2012.11.09 16:19:18.783,1.2721,1.27226,1.50,1.73
2012.11.09 16:19:18.973,1.27212,1.27232,2.29,2.33
2012.11.09 16:19:19.042,1.27213,1.27233,1.73,1.73
2012.11.09 16:19:19.222,1.27213,1.27234,1.73,1.73
2012.11.09 16:19:20.760,1.27215,1.27234,1.50,1.73
2012.11.09 16:19:21.356,1.27215,1.27234,1.50,1.73
2012.11.09 16:19:21.684,1.27217,1.27234,1.32,1.73
2012.11.09 16:19:21.754,1.27218,1.27235,1.32,1.73
2012.11.09 16:19:21.944,1.27221,1.27236,1.50,1.50
2012.11.09 16:19:22.443,1.27222,1.27236,1.50,1.50
2012.11.09 16:19:22.513,1.27222,1.27241,1.50,2.10
2012.11.09 16:19:23.099,1.27222,1.27241,1.50,2.10
2012.11.09 16:19:23.402,1.27218,1.27238,2.48,1.54
2012.11.09 16:19:23.462,1.27218,1.27238,1.73,1.54
2012.11.09 16:19:23.943,1.27213,1.27232,1.73,2.07
2012.11.09 16:19:24.265,1.27213,1.27232,2.48,1.32
2012.11.09 16:19:24.393,1.27213,1.27232,1.73,1.54
2012.11.09 16:19:24.572,1.27214,1.27232,1.73,1.32
2012.11.09 16:19:25.073,1.27211,1.2723,1.50,1.73
2012.11.09 16:19:25.283,1.27209,1.2723,2.29,2.48
2012.11.09 16:19:25.801,1.27209,1.27229,1.73,1.73
2012.11.09 16:19:26.231,1.27207,1.27227,2.07,1.73
2012.11.09 16:19:26.765,1.27207,1.27227,1.32,2.48
2012.11.09 16:19:27.692,1.27207,1.27227,1.32,2.48
2012.11.09 16:19:27.881,1.2721,1.27229,2.29,2.25
2012.11.09 16:19:28.810,1.2721,1.27229,2.29,1.50
2012.11.09 16:19:29.332,1.27207,1.27225,1.54,1.50
2012.11.09 16:19:29.394,1.27207,1.27225,1.32,1.73
2012.11.09 16:19:29.762,1.27205,1.27225,3.04,1.73
2012.11.09 16:19:30.863,1.27207,1.27225,3.75,1.73
2012.11.09 16:19:31.575,1.2721,1.27226,1.54,1.50
2012.11.09 16:19:34.812,1.27212,1.2723,1.54,1.50
2012.11.09 16:19:37.372,1.27212,1.27228,1.54,1.50
2012.11.09 16:19:37.725,1.27212,1.2723,1.54,1.50
2012.11.09 16:19:38.384,1.2721,1.27228,1.54,1.50
2012.11.09 16:19:38.573,1.27207,1.27222,1.50,2.48
2012.11.09 16:19:39.219,1.27204,1.27222,2.25,2.48
2012.11.09 16:19:39.562,1.27204,1.27222,1.50,2.48
2012.11.09 16:19:39.895,1.27207,1.27225,1.32,2.48
2012.11.09 16:19:40.042,1.27207,1.27225,1.54,1.50
2012.11.09 16:19:40.433,1.27206,1.27226,1.54,1.73
2012.11.09 16:19:41.071,1.27206,1.27226,1.54,1.73
2012.11.09 16:19:41.361,1.27205,1.27226,2.29,1.73
2012.11.09 16:19:41.863,1.27211,1.27226,1.32,1.73
2012.11.09 16:19:41.994,1.27211,1.27226,1.32,1.73
2012.11.09 16:19:42.553,1.27211,1.27231,1.54,3.23
2012.11.09 16:19:43.766,1.2721,1.27229,1.54,1.73
2012.11.09 16:19:43.908,1.2721,1.27229,1.32,1.73
2012.11.09 16:19:44.102,1.2721,1.27229,1.32,1.73
2012.11.09 16:19:44.475,1.27211,1.27228,1.54,1.50
2012.11.09 16:19:44.542,1.27211,1.27231,2.29,2.48
2012.11.09 16:19:46.070,1.27212,1.27233,1.73,2.48
2012.11.09 16:19:46.144,1.27218,1.27236,1.54,1.50
2012.11.09 16:19:46.512,1.27219,1.2724,1.73,1.73
2012.11.09 16:19:46.642,1.27219,1.2724,1.73,1.73
2012.11.09 16:19:46.882,1.27221,1.27242,1.73,2.33
2012.11.09 16:19:47.062,1.27226,1.27243,1.54,2.25
2012.11.09 16:19:47.718,1.27226,1.27244,1.54,1.73
2012.11.09 16:19:48.466,1.27226,1.27244,1.54,1.73
2012.11.09 16:19:49.172,1.27226,1.27244,1.32,2.10
2012.11.09 16:19:51.102,1.27224,1.27244,1.54,1.13
2012.11.09 16:19:51.348,1.27224,1.27244,1.54,1.13
2012.11.09 16:19:51.413,1.27224,1.27244,1.54,1.50
2012.11.09 16:19:51.558,1.27221,1.2724,1.73,1.35
2012.11.09 16:19:51.624,1.27219,1.27239,3.04,2.10
2012.11.09 16:19:51.873,1.27217,1.27237,3.04,1.50
2012.11.09 16:19:52.423,1.27218,1.27235,1.50,1.73
2012.11.09 16:19:52.552,1.27213,1.27232,1.35,1.35
2012.11.09 16:19:52.612,1.27212,1.27232,1.54,1.35
2012.11.09 16:19:54.023,1.27212,1.27232,1.54,1.35
2012.11.09 16:19:56.933,1.27211,1.27232,2.48,2.10
2012.11.09 16:19:57.053,1.27211,1.27232,1.73,2.10
2012.11.09 16:19:57.372,1.27211,1.27227,1.73,1.32
2012.11.09 16:19:57.492,1.27208,1.27227,3.00,1.54
2012.11.09 16:19:58.100,1.27206,1.27227,3.00,1.54
2012.11.09 16:20:00.492,1.27206,1.27227,3.23,1.54
2012.11.09 16:20:05.012,1.27206,1.27228,3.00,2.29
2012.11.09 16:20:08.617,1.27208,1.27228,1.50,1.54
2012.11.09 16:20:10.585,1.27206,1.27226,2.25,1.73
2012.11.09 16:20:12.701,1.27208,1.27227,1.50,2.29
2012.11.09 16:20:13.811,1.27208,1.27227,1.50,2.29
2012.11.09 16:20:13.932,1.27206,1.27225,1.73,1.58
2012.11.09 16:20:14.411,1.27202,1.27221,1.73,1.32
2012.11.09 16:20:14.532,1.27199,1.2722,1.73,1.73
2012.11.09 16:20:15.542,1.272,1.27221,1.50,2.29
2012.11.09 16:20:15.602,1.27201,1.27221,1.50,1.54
2012.11.09 16:20:16.613,1.27201,1.27221,1.50,1.54
2012.11.09 16:20:17.956,1.27201,1.27222,1.73,2.48
2012.11.09 16:20:18.423,1.27207,1.27222,3.00,2.48
2012.11.09 16:20:18.552,1.27212,1.27226,1.54,1.50
2012.11.09 16:20:18.972,1.27212,1.27232,1.32,1.73
2012.11.09 16:20:19.163,1.27213,1.27232,1.50,1.73
2012.11.09 16:20:19.472,1.27218,1.27237,1.50,2.29
2012.11.09 16:20:20.582,1.27217,1.27235,1.54,1.50
2012.11.09 16:20:21.022,1.27214,1.27233,1.50,2.29
2012.11.09 16:20:21.592,1.27211,1.27232,1.50,1.73
2012.11.09 16:20:22.023,1.2721,1.27233,4.54,3.79
2012.11.09 16:20:22.153,1.2721,1.27228,3.98,1.32
2012.11.09 16:20:22.463,1.2721,1.2723,2.29,1.73
2012.11.09 16:20:23.561,1.2721,1.27231,3.04,1.73
2012.11.09 16:20:24.327,1.2721,1.27231,3.04,1.73
2012.11.09 16:20:25.842,1.2721,1.27231,4.32,1.73
2012.11.09 16:20:26.201,1.2721,1.27231,3.23,2.48
2012.11.09 16:20:26.718,1.27211,1.27232,1.50,2.29
2012.11.09 16:20:27.212,1.27217,1.27232,1.32,1.73
2012.11.09 16:20:27.272,1.27217,1.27234,1.54,2.25
2012.11.09 16:20:27.392,1.27217,1.27235,1.54,1.50
2012.11.09 16:20:31.099,1.27216,1.27235,1.54,1.50
2012.11.09 16:20:36.563,1.27217,1.27236,1.73,1.50
2012.11.09 16:20:36.832,1.27218,1.27238,1.73,1.73
2012.11.09 16:20:37.356,1.2722,1.27238,1.50,1.73
2012.11.09 16:20:37.432,1.27223,1.27242,2.29,1.73
2012.11.09 16:20:40.741,1.27223,1.27241,1.73,1.50
2012.11.09 16:20:40.921,1.27223,1.27242,1.50,2.48
2012.11.09 16:20:41.465,1.27222,1.27244,1.73,3.98
2012.11.09 16:20:41.591,1.27222,1.27244,1.73,3.23
2012.11.09 16:20:44.142,1.27223,1.27244,1.50,3.04
2012.11.09 16:20:44.321,1.27219,1.27239,2.48,1.73
2012.11.09 16:20:44.681,1.27217,1.27239,1.73,1.73
2012.11.09 16:20:47.422,1.27217,1.27239,1.73,1.73
2012.11.09 16:20:47.831,1.27216,1.27238,3.79,2.48
2012.11.09 16:20:49.565,1.27217,1.27238,1.73,3.00
2012.11.09 16:20:49.876,1.27223,1.27238,1.54,2.25
2012.11.09 16:20:50.062,1.27217,1.27238,2.29,2.48
2012.11.09 16:20:50.382,1.27217,1.27238,4.54,1.73
2012.11.09 16:20:50.514,1.27222,1.27242,1.54,1.50
2012.11.09 16:20:50.925,1.27221,1.2724,1.88,3.23
2012.11.09 16:20:51.461,1.27223,1.27243,1.32,2.48
2012.11.09 16:20:52.663,1.2722,1.27242,1.73,1.73
2012.11.09 16:20:52.733,1.2722,1.2724,1.73,1.73
2012.11.09 16:20:53.834,1.2722,1.2724,1.50,2.29
2012.11.09 16:20:53.968,1.27223,1.27243,1.50,1.73
2012.11.09 16:20:54.033,1.27223,1.27244,2.48,3.23
2012.11.09 16:20:54.101,1.27223,1.27244,2.48,2.48
2012.11.09 16:20:55.112,1.27225,1.27245,1.32,3.23
2012.11.09 16:20:55.432,1.27229,1.27245,2.29,1.50
2012.11.09 16:20:55.611,1.27229,1.27249,2.29,2.48
2012.11.09 16:20:55.731,1.27229,1.27249,1.54,2.48
2012.11.09 16:20:56.123,1.27231,1.27249,1.73,2.25
2012.11.09 16:20:56.519,1.2723,1.27249,1.50,2.29
2012.11.09 16:20:56.589,1.2723,1.27249,1.73,3.04
2012.11.09 16:20:56.786,1.27236,1.27251,1.73,1.32
2012.11.09 16:20:56.984,1.27236,1.27254,1.73,2.25
2012.11.09 16:20:57.172,1.27236,1.27255,1.73,2.25
2012.11.09 16:20:57.323,1.27234,1.27254,2.48,2.25
2012.11.09 16:20:57.393,1.27234,1.27254,1.73,3.23
2012.11.09 16:20:57.463,1.27233,1.27249,2.10,1.50
2012.11.09 16:20:57.833,1.27233,1.27249,1.32,1.73
2012.11.09 16:20:58.212,1.27228,1.27248,2.48,1.73
2012.11.09 16:20:58.273,1.27228,1.27248,2.25,1.73
2012.11.09 16:20:59.152,1.27228,1.27249,3.00,1.73
2012.11.09 16:21:00.807,1.27228,1.27249,1.50,2.29
2012.11.09 16:21:00.935,1.27227,1.27248,3.04,2.33
2012.11.09 16:21:01.123,1.27227,1.27247,3.04,1.54
2012.11.09 16:21:01.424,1.27227,1.27248,1.32,1.73
2012.11.09 16:21:02.418,1.27226,1.27243,3.04,1.73
2012.11.09 16:21:02.513,1.2723,1.27247,1.73,1.50
2012.11.09 16:21:03.573,1.2723,1.27249,2.29,1.50
2012.11.09 16:21:03.833,1.2723,1.27246,1.32,2.48
2012.11.09 16:21:04.043,1.27222,1.27244,4.54,2.48
2012.11.09 16:21:04.292,1.27222,1.27241,3.79,1.50
2012.11.09 16:21:04.652,1.27226,1.27243,1.54,1.50
2012.11.09 16:21:04.842,1.27229,1.27245,1.32,1.73
2012.11.09 16:21:04.965,1.27229,1.27247,1.54,1.50
2012.11.09 16:21:05.034,1.27229,1.27248,2.29,1.50
2012.11.09 16:21:05.403,1.27229,1.27249,2.29,2.25
