2017.10.04 11:00:00.065,1.46698,1.4671,1.00,1.00
2017.10.04 11:00:00.123,1.46694,1.46713,1.31,1.69
2017.10.04 11:00:00.487,1.46693,1.46712,1.00,1.31
2017.10.04 11:00:00.793,1.46692,1.46709,2.06,1.50
2017.10.04 11:00:01.103,1.46692,1.46707,1.31,1.00
2017.10.04 11:00:01.605,1.4669,1.46706,1.50,1.00
2017.10.04 11:00:01.990,1.46687,1.46702,2.25,1.00
2017.10.04 11:00:02.199,1.46684,1.46701,1.19,1.12
2017.10.04 11:00:02.354,1.46684,1.46702,1.12,1.25
2017.10.04 11:00:02.406,1.46684,1.467,1.12,1.25
2017.10.04 11:00:02.458,1.46681,1.467,2.96,2.44
2017.10.04 11:00:02.510,1.46681,1.46698,2.06,1.00
2017.10.04 11:00:02.818,1.46679,1.46695,1.00,1.00
2017.10.04 11:00:03.355,1.46677,1.46694,1.19,1.00
2017.10.04 11:00:04.113,1.4668,1.46696,1.69,1.00
2017.10.04 11:00:04.421,1.46683,1.46698,1.94,1.00
2017.10.04 11:00:04.923,1.46684,1.46699,1.50,1.50
2017.10.04 11:00:05.529,1.46683,1.46698,1.75,1.00
2017.10.04 11:00:05.580,1.46683,1.46697,1.50,1.00
2017.10.04 11:00:06.100,1.46682,1.46696,1.12,1.00
2017.10.04 11:00:06.529,1.46682,1.46698,1.12,1.50
2017.10.04 11:00:07.040,1.46682,1.46697,1.12,1.00
2017.10.04 11:00:08.061,1.46682,1.46698,1.12,1.00
2017.10.04 11:00:08.586,1.46682,1.46699,1.31,1.50
2017.10.04 11:00:09.158,1.46682,1.467,1.31,1.50
2017.10.04 11:00:09.919,1.46682,1.46698,1.31,1.00
2017.10.04 11:00:10.228,1.46681,1.46697,2.44,1.50
2017.10.04 11:00:10.281,1.46681,1.46697,2.44,1.50
2017.10.04 11:00:10.843,1.46682,1.46696,1.12,1.00
2017.10.04 11:00:11.404,1.46681,1.46696,1.00,2.25
2017.10.04 11:00:12.284,1.46678,1.46694,1.00,1.50
2017.10.04 11:00:12.860,1.46678,1.46693,1.00,1.00
2017.10.04 11:00:13.383,1.46678,1.46692,1.00,1.00
2017.10.04 11:00:13.765,1.46678,1.4669,1.00,1.00
2017.10.04 11:00:13.867,1.46674,1.4669,1.86,1.00
2017.10.04 11:00:14.172,1.46674,1.46692,1.50,1.50
2017.10.04 11:00:14.889,1.46674,1.46693,1.69,1.87
2017.10.04 11:00:14.940,1.46677,1.46693,1.00,1.87
2017.10.04 11:00:15.499,1.46677,1.46693,1.50,1.00
2017.10.04 11:00:16.121,1.46677,1.46695,2.81,1.50
2017.10.04 11:00:17.065,1.46678,1.46696,1.50,2.25
2017.10.04 11:00:17.376,1.46678,1.46695,3.37,1.00
2017.10.04 11:00:17.428,1.46679,1.46698,1.75,3.19
2017.10.04 11:00:17.530,1.46679,1.46698,1.69,3.56
2017.10.04 11:00:18.468,1.46679,1.46697,1.87,1.00
2017.10.04 11:00:18.976,1.4668,1.46696,1.31,1.00
2017.10.04 11:00:19.498,1.4668,1.46697,1.31,1.50
2017.10.04 11:00:19.703,1.46678,1.46694,2.25,1.00
2017.10.04 11:00:20.014,1.46673,1.46689,1.50,1.50
2017.10.04 11:00:20.270,1.4667,1.46687,3.19,1.00
2017.10.04 11:00:20.322,1.4667,1.46687,3.19,1.50
2017.10.04 11:00:20.829,1.46671,1.46688,2.00,1.50
2017.10.04 11:00:21.337,1.46671,1.46689,2.00,2.25
2017.10.04 11:00:21.725,1.46673,1.46689,2.25,1.50
2017.10.04 11:00:22.315,1.46673,1.4669,2.25,2.44
2017.10.04 11:00:24.406,1.46673,1.46689,2.25,1.00
2017.10.04 11:00:24.712,1.46671,1.46687,1.87,1.00
2017.10.04 11:00:24.764,1.46671,1.46689,1.87,1.50
2017.10.04 11:00:26.749,1.46671,1.46687,1.69,1.50
2017.10.04 11:00:27.152,1.4667,1.46687,1.69,1.50
2017.10.04 11:00:27.685,1.4667,1.46686,1.69,1.00
2017.10.04 11:00:27.838,1.4667,1.46683,1.50,1.00
2017.10.04 11:00:28.173,1.46666,1.46679,1.37,1.00
2017.10.04 11:00:28.224,1.46664,1.46679,1.69,1.00
2017.10.04 11:00:28.686,1.46664,1.46677,2.44,1.00
2017.10.04 11:00:28.845,1.46663,1.46679,2.05,1.00
2017.10.04 11:00:29.350,1.46664,1.46681,1.67,1.00
2017.10.04 11:00:31.882,1.46666,1.46681,1.00,1.00
2017.10.04 11:00:34.523,1.46667,1.46681,1.00,1.00
2017.10.04 11:00:35.031,1.46666,1.46681,1.00,1.00
2017.10.04 11:00:35.336,1.46666,1.46683,1.00,1.12
2017.10.04 11:00:37.040,1.46666,1.46683,2.06,1.00
2017.10.04 11:00:41.457,1.4667,1.46683,1.37,1.00
2017.10.04 11:00:41.971,1.46671,1.46684,1.00,1.00
2017.10.04 11:00:42.558,1.46671,1.46683,1.00,1.00
2017.10.04 11:00:44.080,1.46672,1.46684,1.00,1.00
2017.10.04 11:00:44.434,1.46673,1.46685,1.37,1.00
2017.10.04 11:00:44.973,1.46673,1.46686,1.00,1.00
2017.10.04 11:00:45.528,1.46673,1.46687,1.00,1.00
2017.10.04 11:00:46.043,1.46673,1.46688,1.00,1.50
2017.10.04 11:00:47.694,1.46671,1.46688,2.44,1.50
2017.10.04 11:00:48.325,1.46671,1.46687,2.25,1.00
2017.10.04 11:00:48.865,1.46673,1.46687,1.00,1.50
2017.10.04 11:00:49.371,1.46673,1.46688,1.00,1.50
2017.10.04 11:00:51.228,1.46673,1.46687,1.00,1.00
2017.10.04 11:00:51.475,1.46671,1.46686,1.50,1.00
2017.10.04 11:00:52.005,1.46671,1.46685,1.50,1.00
2017.10.04 11:00:52.665,1.46671,1.46686,1.50,1.00
2017.10.04 11:00:53.189,1.46671,1.46686,2.25,1.00
2017.10.04 11:00:54.119,1.46671,1.46687,2.25,1.50
2017.10.04 11:00:57.899,1.46671,1.46687,1.00,1.50
2017.10.04 11:00:59.137,1.46671,1.46685,1.00,1.00
2017.10.04 11:01:01.863,1.46671,1.46686,1.12,1.00
2017.10.04 11:01:05.527,1.46671,1.46687,1.00,2.44
2017.10.04 11:01:05.833,1.46671,1.46685,1.12,1.00
2017.10.04 11:01:07.807,1.46666,1.46681,2.43,1.00
2017.10.04 11:01:07.962,1.46666,1.4668,1.75,1.00
2017.10.04 11:01:08.014,1.46665,1.4668,1.31,1.00
2017.10.04 11:01:14.048,1.46665,1.46677,1.00,1.00
2017.10.04 11:01:14.778,1.46663,1.46677,1.50,1.00
2017.10.04 11:01:15.293,1.46663,1.46678,1.50,1.50
2017.10.04 11:01:16.446,1.46663,1.46677,3.94,1.00
2017.10.04 11:01:16.498,1.46665,1.4668,1.50,1.00
2017.10.04 11:01:16.652,1.46665,1.46679,2.25,1.00
2017.10.04 11:01:17.131,1.46665,1.46681,2.44,1.00
2017.10.04 11:01:17.978,1.46665,1.4668,2.25,1.00
2017.10.04 11:01:18.488,1.46665,1.46681,2.25,1.00
2017.10.04 11:01:20.568,1.46665,1.46683,1.31,1.50
2017.10.04 11:01:20.875,1.46668,1.46684,1.00,3.00
2017.10.04 11:01:20.977,1.46668,1.46686,2.06,1.12
2017.10.04 11:01:21.172,1.4667,1.46686,1.31,1.00
2017.10.04 11:01:21.275,1.46671,1.46688,1.19,1.12
2017.10.04 11:01:21.377,1.46671,1.4669,2.81,2.25
2017.10.04 11:01:21.531,1.46675,1.46691,1.69,1.12
2017.10.04 11:01:21.582,1.46677,1.46694,1.00,1.69
2017.10.04 11:01:22.126,1.46678,1.46694,1.00,1.69
2017.10.04 11:01:23.077,1.46677,1.46694,1.25,1.50
2017.10.04 11:01:25.169,1.46678,1.46695,1.00,2.25
2017.10.04 11:01:25.775,1.46679,1.46694,1.00,1.75
2017.10.04 11:01:25.827,1.4668,1.46695,1.00,1.12
2017.10.04 11:01:25.878,1.4668,1.46695,1.75,1.00
2017.10.04 11:01:26.391,1.4668,1.46694,1.75,1.00
2017.10.04 11:01:27.046,1.46679,1.46694,1.75,1.25
2017.10.04 11:01:27.302,1.46678,1.46695,2.25,1.69
2017.10.04 11:01:27.827,1.46678,1.46695,3.00,2.06
2017.10.04 11:01:29.333,1.4668,1.46695,1.19,1.00
2017.10.04 11:01:29.588,1.46687,1.46703,1.25,1.50
2017.10.04 11:01:30.171,1.46687,1.46702,1.31,1.00
2017.10.04 11:01:30.579,1.46683,1.46696,3.19,1.00
2017.10.04 11:01:30.681,1.46683,1.46695,1.12,1.00
2017.10.04 11:01:32.868,1.46683,1.46694,1.00,1.00
2017.10.04 11:01:33.758,1.46683,1.46695,1.00,1.00
2017.10.04 11:01:34.109,1.46679,1.46695,1.69,1.00
2017.10.04 11:01:34.637,1.46679,1.46695,1.69,1.00
2017.10.04 11:01:37.106,1.46676,1.46692,2.44,1.00
2017.10.04 11:01:37.209,1.46676,1.46692,1.69,1.00
2017.10.04 11:01:37.718,1.46677,1.46693,1.00,1.00
2017.10.04 11:01:38.422,1.46677,1.46692,1.69,1.00
2017.10.04 11:01:38.830,1.46678,1.46694,1.00,1.87
2017.10.04 11:01:39.339,1.46679,1.46694,1.31,1.00
2017.10.04 11:01:40.186,1.46679,1.46694,1.31,1.00
2017.10.04 11:01:40.968,1.46682,1.46697,1.25,1.00
2017.10.04 11:01:41.586,1.46683,1.46698,1.50,1.00
2017.10.04 11:01:42.215,1.46683,1.46698,1.69,1.00
2017.10.04 11:01:42.783,1.46684,1.46699,1.31,1.00
2017.10.04 11:01:43.286,1.46684,1.467,1.31,1.00
2017.10.04 11:01:43.828,1.46684,1.46699,1.31,1.00
2017.10.04 11:01:45.403,1.46684,1.46698,1.31,1.00
2017.10.04 11:01:48.386,1.46687,1.46702,1.25,2.62
2017.10.04 11:01:49.984,1.46688,1.46702,1.56,1.00
2017.10.04 11:01:50.035,1.46689,1.46703,1.00,1.00
2017.10.04 11:01:50.543,1.46689,1.46704,1.12,1.00
2017.10.04 11:01:56.374,1.46689,1.46703,1.31,1.00
2017.10.04 11:01:58.761,1.46688,1.46703,1.50,1.50
2017.10.04 11:01:58.966,1.46688,1.46701,1.50,1.00
2017.10.04 11:01:59.272,1.46685,1.46697,1.00,1.00
2017.10.04 11:02:01.644,1.46685,1.46698,1.00,1.00
2017.10.04 11:02:03.772,1.46685,1.46695,1.00,1.00
2017.10.04 11:02:03.978,1.46679,1.46693,1.12,1.50
2017.10.04 11:02:04.279,1.46682,1.46695,1.87,1.00
2017.10.04 11:02:04.814,1.46682,1.46697,2.25,1.50
2017.10.04 11:02:05.343,1.46682,1.46698,2.25,2.25
2017.10.04 11:02:06.621,1.46685,1.46698,1.00,1.00
2017.10.04 11:02:07.199,1.46685,1.46699,1.12,1.00
2017.10.04 11:02:07.737,1.46686,1.467,1.00,1.50
2017.10.04 11:02:08.421,1.46686,1.46699,1.00,1.00
2017.10.04 11:02:09.836,1.46686,1.467,1.00,1.50
2017.10.04 11:02:10.366,1.46684,1.467,1.31,1.50
2017.10.04 11:02:11.160,1.46686,1.467,1.12,1.50
2017.10.04 11:02:13.422,1.46686,1.46701,1.12,1.50
2017.10.04 11:02:14.471,1.46687,1.46701,1.00,1.00
2017.10.04 11:02:16.698,1.46687,1.46702,1.00,1.50
2017.10.04 11:02:17.047,1.4669,1.46702,1.00,1.50
2017.10.04 11:02:17.353,1.46701,1.46712,1.00,2.62
2017.10.04 11:02:17.404,1.46701,1.46716,1.00,1.56
2017.10.04 11:02:17.993,1.467,1.46714,1.00,1.00
2017.10.04 11:02:20.684,1.46702,1.46714,1.00,1.00
2017.10.04 11:02:20.735,1.46702,1.46716,1.00,1.00
2017.10.04 11:02:21.246,1.46701,1.46716,1.19,1.00
2017.10.04 11:02:22.028,1.46702,1.46716,1.00,1.00
2017.10.04 11:02:23.592,1.467,1.46715,1.69,1.00
2017.10.04 11:02:23.695,1.46699,1.46713,1.50,1.00
2017.10.04 11:02:24.002,1.46699,1.46716,2.06,1.00
2017.10.04 11:02:25.290,1.46701,1.46716,1.00,1.12
2017.10.04 11:02:26.112,1.46701,1.46715,1.00,1.00
2017.10.04 11:02:26.654,1.46701,1.46716,1.00,2.25
2017.10.04 11:02:27.506,1.46701,1.46716,1.00,1.50
2017.10.04 11:02:28.015,1.46701,1.46716,1.00,1.12
2017.10.04 11:02:28.713,1.46701,1.46717,1.25,2.25
2017.10.04 11:02:28.815,1.46704,1.46717,1.00,1.00
2017.10.04 11:02:30.114,1.46704,1.46718,1.25,1.00
2017.10.04 11:02:30.661,1.46704,1.46719,1.69,1.87
2017.10.04 11:02:30.968,1.46706,1.4672,1.00,2.25
2017.10.04 11:02:31.984,1.46708,1.4672,1.00,1.50
2017.10.04 11:02:32.182,1.46706,1.46722,1.69,1.12
2017.10.04 11:02:32.233,1.46706,1.4672,1.69,1.00
2017.10.04 11:02:32.774,1.46706,1.46719,1.00,1.00
2017.10.04 11:02:33.596,1.46706,1.46718,1.00,1.00
2017.10.04 11:02:36.577,1.46703,1.4672,2.44,1.00
2017.10.04 11:02:36.782,1.46707,1.46722,1.00,2.25
2017.10.04 11:02:37.363,1.46707,1.46722,1.50,1.00
2017.10.04 11:02:39.709,1.46707,1.46723,2.25,1.50
2017.10.04 11:02:48.163,1.46707,1.46723,1.50,1.00
2017.10.04 11:02:49.170,1.46707,1.46721,1.00,1.00
2017.10.04 11:02:51.052,1.46707,1.46723,1.00,1.00
2017.10.04 11:02:51.605,1.46707,1.46721,1.00,1.69
2017.10.04 11:02:51.760,1.46703,1.46718,1.30,2.44
2017.10.04 11:02:52.029,1.46701,1.46718,1.50,3.19
2017.10.04 11:02:52.605,1.46701,1.46716,1.00,1.00
2017.10.04 11:02:53.480,1.46703,1.46716,1.00,1.00
2017.10.04 11:02:53.770,1.46707,1.46721,1.00,1.00
2017.10.04 11:02:54.026,1.4671,1.46723,1.00,1.12
2017.10.04 11:02:54.232,1.4671,1.46726,1.00,1.00
2017.10.04 11:02:54.852,1.46709,1.46725,2.47,1.12
2017.10.04 11:02:56.317,1.4671,1.46726,1.00,1.50
2017.10.04 11:02:57.654,1.46711,1.46726,1.00,1.50
2017.10.04 11:02:57.706,1.46713,1.46725,1.00,1.12
2017.10.04 11:02:58.255,1.46713,1.46726,1.00,1.00
2017.10.04 11:02:58.307,1.46711,1.46726,2.10,1.00
2017.10.04 11:02:58.511,1.46713,1.46725,1.00,1.00
2017.10.04 11:02:58.816,1.46714,1.46728,1.00,1.00
2017.10.04 11:02:59.332,1.46715,1.46729,1.00,1.50
2017.10.04 11:03:00.241,1.46713,1.46729,1.25,1.00
2017.10.04 11:03:00.806,1.46716,1.46729,1.00,1.00
2017.10.04 11:03:01.065,1.46718,1.46736,1.50,3.19
2017.10.04 11:03:01.613,1.46718,1.46736,1.50,1.69
2017.10.04 11:03:02.134,1.46718,1.46736,1.50,1.00
2017.10.04 11:03:02.646,1.46718,1.46736,1.69,2.25
2017.10.04 11:03:03.255,1.46718,1.46736,1.69,1.75
2017.10.04 11:03:05.678,1.4672,1.46736,1.25,2.25
2017.10.04 11:03:05.959,1.4672,1.46737,1.25,1.50
2017.10.04 11:03:06.504,1.4672,1.46735,1.05,1.00
2017.10.04 11:03:14.064,1.46719,1.46735,1.00,1.25
2017.10.04 11:03:16.213,1.46719,1.46735,1.00,1.50
2017.10.04 11:03:17.186,1.46719,1.46733,1.00,1.00
2017.10.04 11:03:17.237,1.46717,1.46731,1.00,1.00
2017.10.04 11:03:20.103,1.46715,1.46731,1.00,2.06
2017.10.04 11:03:20.615,1.46715,1.46728,1.00,1.25
2017.10.04 11:03:20.951,1.4671,1.46724,1.00,1.19
2017.10.04 11:03:21.944,1.4671,1.46723,1.00,1.19
2017.10.04 11:03:22.395,1.4671,1.46725,1.00,1.00
2017.10.04 11:03:22.447,1.4671,1.46727,1.00,2.06
2017.10.04 11:03:22.602,1.4671,1.46725,1.12,1.00
2017.10.04 11:03:23.145,1.4671,1.46726,1.87,1.50
2017.10.04 11:03:23.802,1.46711,1.46726,1.00,1.50
2017.10.04 11:03:24.264,1.4671,1.46724,1.87,1.00
2017.10.04 11:03:24.860,1.4671,1.46725,1.87,1.00
2017.10.04 11:03:25.328,1.4671,1.46722,1.12,1.00
2017.10.04 11:03:25.685,1.4671,1.46724,1.00,1.50
2017.10.04 11:03:26.018,1.4671,1.46726,2.25,1.50
2017.10.04 11:03:27.827,1.4671,1.46725,2.25,1.00
2017.10.04 11:03:28.134,1.46707,1.46721,1.12,1.00
2017.10.04 11:03:29.029,1.46707,1.4672,1.12,1.00
2017.10.04 11:03:30.156,1.46707,1.46721,1.12,1.50
2017.10.04 11:03:30.676,1.46707,1.4672,1.12,1.00
2017.10.04 11:03:32.205,1.46707,1.46719,1.12,1.00
2017.10.04 11:03:33.965,1.46707,1.4672,1.12,1.00
2017.10.04 11:03:34.859,1.46707,1.46719,1.12,1.00
2017.10.04 11:03:39.590,1.46707,1.46721,1.00,2.25
2017.10.04 11:03:41.558,1.46707,1.4672,1.00,1.00
2017.10.04 11:03:42.208,1.46707,1.46721,1.00,1.00
2017.10.04 11:03:42.739,1.46707,1.4672,1.00,1.00
2017.10.04 11:03:43.273,1.46707,1.46721,1.87,1.00
2017.10.04 11:03:43.375,1.46705,1.46717,1.75,1.00
2017.10.04 11:03:43.427,1.46705,1.4672,1.75,1.50
2017.10.04 11:03:43.579,1.46705,1.4672,1.12,2.25
2017.10.04 11:03:46.916,1.46705,1.46719,1.12,1.00
2017.10.04 11:03:46.967,1.46705,1.46717,1.12,1.00
2017.10.04 11:03:47.070,1.467,1.46718,1.75,1.69
2017.10.04 11:03:47.122,1.467,1.46716,1.75,1.50
2017.10.04 11:03:47.286,1.46702,1.46718,1.12,1.69
2017.10.04 11:03:47.807,1.46703,1.46719,1.12,1.69
2017.10.04 11:03:47.859,1.46702,1.46714,1.75,1.00
2017.10.04 11:03:47.961,1.46697,1.4671,1.87,1.00
2017.10.04 11:03:49.684,1.46697,1.46711,1.00,1.00
2017.10.04 11:03:50.212,1.46697,1.46712,1.00,1.50
2017.10.04 11:03:51.047,1.46697,1.4671,1.00,1.00
2017.10.04 11:03:51.302,1.46694,1.4671,1.00,1.69
2017.10.04 11:03:51.973,1.46695,1.4671,1.00,1.25
2017.10.04 11:03:52.189,1.46694,1.46708,2.10,1.00
2017.10.04 11:03:52.393,1.4669,1.46706,2.81,1.00
2017.10.04 11:03:52.940,1.4669,1.46705,2.06,1.00
2017.10.04 11:03:52.991,1.46691,1.46707,1.00,1.00
2017.10.04 11:03:55.040,1.4669,1.46706,1.69,1.00
2017.10.04 11:03:55.397,1.4669,1.46704,1.00,1.00
2017.10.04 11:03:55.947,1.46688,1.46704,2.66,1.00
2017.10.04 11:03:56.459,1.4669,1.46704,1.12,1.00
2017.10.04 11:03:56.816,1.46689,1.46706,2.44,1.50
2017.10.04 11:03:57.326,1.46689,1.46706,1.31,1.50
2017.10.04 11:03:58.208,1.46689,1.46704,2.06,1.00
2017.10.04 11:03:58.976,1.46689,1.46703,1.31,1.00
2017.10.04 11:04:00.330,1.46687,1.467,1.75,1.00
2017.10.04 11:04:00.432,1.46686,1.467,1.00,1.50
2017.10.04 11:04:00.534,1.46684,1.467,1.12,1.50
2017.10.04 11:04:00.714,1.46684,1.46698,1.12,1.00
2017.10.04 11:04:04.171,1.46684,1.46697,1.12,1.50
2017.10.04 11:04:05.616,1.46682,1.46697,1.31,1.50
2017.10.04 11:04:06.202,1.46682,1.46698,1.31,1.00
2017.10.04 11:04:06.355,1.46682,1.46699,2.00,2.25
2017.10.04 11:04:06.982,1.46685,1.46699,1.87,1.00
2017.10.04 11:04:07.492,1.46685,1.46699,2.44,1.00
2017.10.04 11:04:09.210,1.46685,1.46701,1.69,2.25
2017.10.04 11:04:10.971,1.46685,1.46701,1.00,2.44
2017.10.04 11:04:11.329,1.46682,1.467,1.12,1.87
2017.10.04 11:04:11.584,1.46687,1.46704,1.00,2.44
2017.10.04 11:04:11.636,1.46687,1.46704,1.25,2.25
2017.10.04 11:04:11.739,1.46688,1.46705,1.00,1.50
2017.10.04 11:04:12.296,1.46688,1.46704,1.50,1.00
2017.10.04 11:04:12.970,1.46689,1.46704,1.00,1.00
2017.10.04 11:04:13.022,1.4669,1.46706,1.69,1.50
2017.10.04 11:04:13.341,1.46697,1.46711,1.00,1.00
2017.10.04 11:04:13.879,1.46696,1.46711,1.12,1.00
2017.10.04 11:04:14.812,1.46696,1.46713,1.12,1.50
2017.10.04 11:04:15.019,1.46696,1.46711,1.12,1.00
2017.10.04 11:04:15.328,1.46694,1.46707,1.12,1.50
2017.10.04 11:04:15.501,1.46692,1.46707,1.25,1.50
2017.10.04 11:04:16.012,1.46692,1.46708,1.25,1.50
2017.10.04 11:04:16.519,1.46692,1.46707,1.25,1.00
2017.10.04 11:04:18.362,1.46689,1.46701,1.12,1.00
2017.10.04 11:04:18.466,1.46686,1.46701,1.00,1.00
2017.10.04 11:04:20.680,1.46686,1.467,1.00,1.00
2017.10.04 11:04:24.206,1.46686,1.46701,1.00,1.50
2017.10.04 11:04:27.093,1.46686,1.46703,1.87,1.69
2017.10.04 11:04:27.144,1.46689,1.46703,1.00,1.37
2017.10.04 11:04:27.196,1.46687,1.46704,1.25,2.62
2017.10.04 11:04:27.751,1.46687,1.46704,1.25,3.00
2017.10.04 11:04:28.494,1.46686,1.46704,3.60,1.69
2017.10.04 11:04:30.949,1.46686,1.46703,2.85,1.31
2017.10.04 11:04:31.102,1.4669,1.46704,1.00,1.69
2017.10.04 11:04:31.612,1.46689,1.46704,1.00,1.31
2017.10.04 11:04:32.154,1.46689,1.46703,1.00,1.00
2017.10.04 11:04:32.664,1.46689,1.46702,1.00,1.00
2017.10.04 11:04:35.323,1.46685,1.46702,2.81,1.00
2017.10.04 11:04:40.560,1.46685,1.46703,3.56,1.00
2017.10.04 11:04:40.992,1.46688,1.46703,1.00,1.00
2017.10.04 11:04:41.420,1.46685,1.46703,3.37,1.25
2017.10.04 11:04:41.574,1.46687,1.46701,1.00,1.00
2017.10.04 11:04:41.883,1.46693,1.46708,1.25,1.00
2017.10.04 11:04:41.937,1.46694,1.46706,1.00,1.00
2017.10.04 11:04:42.279,1.46689,1.46703,1.50,1.00
2017.10.04 11:04:42.330,1.46686,1.467,1.75,1.50
2017.10.04 11:04:42.483,1.46685,1.467,1.12,1.50
2017.10.04 11:04:43.227,1.46684,1.46699,2.25,1.00
2017.10.04 11:04:43.921,1.46684,1.46698,1.50,1.00
2017.10.04 11:04:44.521,1.46684,1.467,1.50,1.50
2017.10.04 11:04:45.135,1.46684,1.46699,1.50,1.00
2017.10.04 11:04:45.622,1.46684,1.46696,1.50,1.00
2017.10.04 11:04:45.776,1.46682,1.46696,1.69,1.00
2017.10.04 11:04:46.329,1.46682,1.46697,1.69,1.50
2017.10.04 11:04:46.870,1.46683,1.46698,1.00,1.00
2017.10.04 11:04:47.125,1.46685,1.46698,1.00,1.00
2017.10.04 11:04:47.473,1.46688,1.46701,1.00,1.00
2017.10.04 11:04:47.780,1.46688,1.46699,1.00,1.00
2017.10.04 11:04:47.832,1.46688,1.46701,1.00,1.00
2017.10.04 11:04:47.935,1.4669,1.46702,1.00,1.00
2017.10.04 11:04:47.988,1.4669,1.46704,1.00,1.25
2017.10.04 11:04:48.500,1.46691,1.46706,1.00,1.69
2017.10.04 11:04:48.928,1.46689,1.46705,1.00,1.25
2017.10.04 11:04:50.363,1.46691,1.46706,1.00,1.19
2017.10.04 11:04:50.665,1.46696,1.46708,1.00,1.00
2017.10.04 11:04:51.088,1.46694,1.46708,1.00,1.00
2017.10.04 11:04:51.243,1.46691,1.46705,3.00,1.00
2017.10.04 11:04:51.499,1.46691,1.46705,1.00,1.00
2017.10.04 11:04:52.049,1.46692,1.46705,1.12,1.00
2017.10.04 11:04:52.894,1.46695,1.46707,1.00,1.00
2017.10.04 11:04:53.410,1.46694,1.46707,1.00,1.00
2017.10.04 11:04:53.928,1.46695,1.46708,1.00,1.00
2017.10.04 11:04:54.946,1.46694,1.46705,1.00,1.00
2017.10.04 11:04:55.099,1.46691,1.46705,1.50,1.00
2017.10.04 11:04:55.610,1.46692,1.46706,1.00,1.00
2017.10.04 11:04:56.118,1.46691,1.46706,1.00,1.00
2017.10.04 11:04:57.036,1.4669,1.46706,1.12,1.00
2017.10.04 11:04:57.587,1.46691,1.46705,1.00,1.00
2017.10.04 11:04:58.110,1.4669,1.46705,1.00,1.00
2017.10.04 11:04:58.725,1.4669,1.46706,1.00,1.00
2017.10.04 11:04:59.760,1.4669,1.46704,1.00,1.00
2017.10.04 11:05:00.671,1.46695,1.46705,1.00,1.00
2017.10.04 11:05:00.722,1.46695,1.46707,1.00,1.12
2017.10.04 11:05:01.040,1.46693,1.46708,1.00,1.00
2017.10.04 11:05:01.558,1.46694,1.46708,1.12,1.00
2017.10.04 11:05:01.781,1.46692,1.46705,1.75,1.00
2017.10.04 11:05:02.026,1.46689,1.46703,1.12,1.00
2017.10.04 11:05:02.128,1.46689,1.46701,1.00,1.00
2017.10.04 11:05:02.333,1.46687,1.46701,1.00,1.00
2017.10.04 11:05:02.384,1.46689,1.46701,1.00,1.00
2017.10.04 11:05:04.318,1.4669,1.46701,1.00,1.00
2017.10.04 11:05:06.573,1.46691,1.46701,1.00,1.00
2017.10.04 11:05:06.830,1.46689,1.467,1.00,1.00
2017.10.04 11:05:06.939,1.4669,1.46702,1.00,1.00
2017.10.04 11:05:07.411,1.4669,1.46704,1.00,1.00
2017.10.04 11:05:07.463,1.46695,1.46706,1.00,1.50
2017.10.04 11:05:08.004,1.46695,1.46706,1.00,1.00
2017.10.04 11:05:08.289,1.46691,1.46703,1.87,1.00
2017.10.04 11:05:08.968,1.46691,1.46702,1.00,1.00
2017.10.04 11:05:09.274,1.46695,1.46705,1.00,1.00
2017.10.04 11:05:09.783,1.46695,1.46706,1.00,1.00
2017.10.04 11:05:10.266,1.46692,1.46706,1.50,1.00
2017.10.04 11:05:10.935,1.46691,1.46706,1.69,1.00
2017.10.04 11:05:11.486,1.46691,1.46706,1.69,1.00
2017.10.04 11:05:11.538,1.46694,1.46707,1.00,1.12
2017.10.04 11:05:13.112,1.46695,1.46707,1.00,1.00
2017.10.04 11:05:14.233,1.46696,1.46709,1.00,1.12
2017.10.04 11:05:14.432,1.46694,1.46708,1.00,1.00
2017.10.04 11:05:15.413,1.46695,1.46708,1.00,1.00
2017.10.04 11:05:16.356,1.46691,1.46705,1.87,1.00
2017.10.04 11:05:16.907,1.46691,1.46704,1.00,1.00
2017.10.04 11:05:16.959,1.46689,1.46704,1.25,1.00
2017.10.04 11:05:18.760,1.46691,1.46704,1.00,1.00
2017.10.04 11:05:19.304,1.46692,1.46706,1.00,1.00
2017.10.04 11:05:19.817,1.46701,1.46709,1.00,1.50
2017.10.04 11:05:19.870,1.46699,1.46712,1.00,1.94
2017.10.04 11:05:19.921,1.46701,1.46713,1.00,1.75
2017.10.04 11:05:19.973,1.46697,1.46713,1.00,2.00
2017.10.04 11:05:20.025,1.46697,1.46713,1.00,1.25
2017.10.04 11:05:20.076,1.46697,1.4671,1.00,1.00
2017.10.04 11:05:20.579,1.46696,1.4671,1.12,1.00
2017.10.04 11:05:24.226,1.46695,1.4671,1.12,1.00
2017.10.04 11:05:24.591,1.46697,1.46709,1.00,1.00
2017.10.04 11:05:25.116,1.46697,1.4671,1.00,1.00
2017.10.04 11:05:28.035,1.46698,1.4671,1.00,1.00
2017.10.04 11:05:31.206,1.46694,1.4671,2.44,1.00
2017.10.04 11:05:31.257,1.46694,1.46707,1.50,1.00
2017.10.04 11:05:31.411,1.46694,1.46709,1.00,1.12
2017.10.04 11:05:31.877,1.467,1.46712,1.00,1.50
2017.10.04 11:05:31.929,1.46696,1.46711,1.00,1.12
2017.10.04 11:05:31.980,1.46699,1.46712,1.00,1.00
2017.10.04 11:05:32.286,1.467,1.46714,1.00,1.00
2017.10.04 11:05:33.212,1.46702,1.46715,1.00,1.00
2017.10.04 11:05:33.264,1.46702,1.46717,1.00,1.00
2017.10.04 11:05:36.058,1.46701,1.46718,1.50,1.25
2017.10.04 11:05:36.719,1.46701,1.46717,1.50,1.00
2017.10.04 11:05:39.508,1.46702,1.46718,1.00,1.50
2017.10.04 11:05:40.680,1.46702,1.46717,1.00,1.00
2017.10.04 11:05:44.703,1.46703,1.46719,1.00,1.50
2017.10.04 11:05:45.341,1.46704,1.46719,1.00,1.00
2017.10.04 11:05:48.819,1.46703,1.46719,1.00,1.25
2017.10.04 11:05:49.335,1.46702,1.46719,1.12,1.25
2017.10.04 11:05:51.703,1.46702,1.46718,1.12,1.00
2017.10.04 11:05:52.091,1.46699,1.46712,1.75,1.00
2017.10.04 11:05:52.295,1.46689,1.46704,1.12,1.00
2017.10.04 11:05:52.804,1.4669,1.46704,1.00,1.00
2017.10.04 11:05:53.393,1.4669,1.46706,1.00,1.31
2017.10.04 11:05:54.219,1.4669,1.46706,1.00,1.31
2017.10.04 11:05:54.270,1.46689,1.46704,1.00,1.00
2017.10.04 11:05:54.728,1.4669,1.46706,1.00,1.31
2017.10.04 11:05:57.535,1.46691,1.46708,1.00,4.12
2017.10.04 11:05:58.102,1.4669,1.46706,1.00,1.41
2017.10.04 11:05:58.611,1.46691,1.46707,1.00,1.78
2017.10.04 11:05:59.259,1.46691,1.46707,1.00,1.69
2017.10.04 11:06:00.202,1.46695,1.46709,1.00,1.69
2017.10.04 11:06:00.731,1.46694,1.4671,1.00,1.94
2017.10.04 11:06:02.009,1.46695,1.46711,1.00,2.81
2017.10.04 11:06:02.112,1.46695,1.46711,1.00,2.25
2017.10.04 11:06:06.041,1.46695,1.46711,1.00,4.12
2017.10.04 11:06:07.417,1.46693,1.4671,1.50,1.31
2017.10.04 11:06:08.901,1.46695,1.4671,1.00,1.31
2017.10.04 11:06:12.725,1.46694,1.4671,1.00,1.31
2017.10.04 11:06:13.689,1.46694,1.4671,1.00,1.12
2017.10.04 11:06:14.124,1.46693,1.46708,1.00,1.50
2017.10.04 11:06:14.842,1.46692,1.46708,1.50,1.50
2017.10.04 11:06:17.873,1.46693,1.46709,1.00,3.56
2017.10.04 11:06:18.560,1.46696,1.46711,1.00,1.25
2017.10.04 11:06:19.068,1.46697,1.46713,1.50,1.31
2017.10.04 11:06:19.673,1.46698,1.46713,1.00,1.31
2017.10.04 11:06:20.109,1.46697,1.46711,1.00,1.19
2017.10.04 11:06:20.263,1.46692,1.46709,1.87,1.44
2017.10.04 11:06:21.180,1.46693,1.46708,1.00,1.69
2017.10.04 11:06:21.718,1.46693,1.46709,1.00,2.06
2017.10.04 11:06:22.760,1.46693,1.46709,1.00,1.94
2017.10.04 11:06:26.267,1.46693,1.4671,1.00,3.19
2017.10.04 11:06:27.284,1.46693,1.4671,1.00,2.44
2017.10.04 11:06:27.820,1.46694,1.4671,1.87,1.25
2017.10.04 11:06:28.421,1.46694,1.46712,1.87,1.50
2017.10.04 11:06:30.616,1.46695,1.46712,1.00,1.31
2017.10.04 11:06:31.257,1.46695,1.46712,1.00,1.69
2017.10.04 11:06:31.309,1.46699,1.46714,1.00,1.75
2017.10.04 11:06:31.361,1.46699,1.46714,1.50,1.50
2017.10.04 11:06:31.412,1.46701,1.46716,1.00,1.75
2017.10.04 11:06:31.465,1.46701,1.46716,1.00,1.00
2017.10.04 11:06:32.007,1.46702,1.46717,1.50,1.00
2017.10.04 11:06:32.564,1.46703,1.46718,1.00,1.00
2017.10.04 11:06:33.092,1.46702,1.46718,1.50,1.25
2017.10.04 11:06:36.313,1.46701,1.46716,1.00,1.37
2017.10.04 11:06:36.415,1.46699,1.46714,1.00,1.25
2017.10.04 11:06:36.518,1.467,1.46716,1.00,1.69
2017.10.04 11:06:40.624,1.46701,1.46716,1.00,1.00
2017.10.04 11:06:41.952,1.467,1.46716,1.00,1.00
2017.10.04 11:06:42.004,1.46699,1.46711,1.12,1.00
2017.10.04 11:06:42.055,1.46697,1.46713,3.00,1.12
2017.10.04 11:06:42.311,1.46703,1.46716,1.00,1.12
2017.10.04 11:06:42.465,1.46703,1.46719,1.56,1.00
2017.10.04 11:06:43.001,1.46704,1.4672,1.31,1.12
2017.10.04 11:06:43.629,1.46704,1.46719,1.12,1.00
2017.10.04 11:06:44.135,1.46707,1.46721,1.00,1.19
2017.10.04 11:06:44.187,1.46707,1.46722,1.00,1.50
2017.10.04 11:06:44.646,1.46704,1.4672,1.50,1.12
2017.10.04 11:06:44.852,1.46701,1.46717,1.00,1.12
2017.10.04 11:06:46.961,1.46702,1.46717,1.00,1.37
2017.10.04 11:06:47.681,1.46703,1.46716,1.00,1.12
2017.10.04 11:06:48.341,1.46702,1.46716,1.50,1.12
2017.10.04 11:06:51.182,1.46702,1.46718,1.50,1.87
2017.10.04 11:06:51.708,1.46703,1.46717,1.00,1.00
2017.10.04 11:06:55.829,1.46703,1.46718,1.00,1.87
2017.10.04 11:06:55.880,1.46701,1.46718,1.00,1.87
2017.10.04 11:06:56.625,1.46702,1.46718,1.00,1.00
2017.10.04 11:06:59.430,1.46701,1.46718,1.50,1.12
2017.10.04 11:06:59.943,1.46702,1.4672,1.00,2.06
2017.10.04 11:07:01.174,1.46701,1.4672,1.31,1.87
2017.10.04 11:07:07.258,1.46705,1.46721,1.00,2.25
2017.10.04 11:07:07.413,1.46705,1.46723,1.00,3.00
2017.10.04 11:07:09.430,1.46706,1.46723,1.25,1.75
2017.10.04 11:07:10.258,1.46706,1.46723,1.69,1.50
2017.10.04 11:07:13.144,1.46707,1.46723,1.00,1.50
2017.10.04 11:07:13.712,1.46707,1.46721,1.00,1.00
2017.10.04 11:07:14.224,1.46707,1.46723,1.25,1.50
2017.10.04 11:07:18.825,1.46705,1.46723,1.84,1.50
2017.10.04 11:07:18.927,1.46705,1.4672,1.00,1.00
2017.10.04 11:07:19.234,1.46707,1.46721,1.31,2.25
2017.10.04 11:07:19.286,1.46706,1.46724,1.31,1.00
2017.10.04 11:07:19.338,1.46708,1.46725,1.69,1.00
2017.10.04 11:07:19.659,1.46702,1.46718,1.84,2.25
2017.10.04 11:07:19.710,1.46702,1.46718,1.00,2.25
2017.10.04 11:07:28.458,1.46699,1.46712,1.00,1.00
2017.10.04 11:07:28.663,1.46697,1.46712,1.31,1.00
2017.10.04 11:07:30.487,1.46696,1.46711,2.44,1.00
2017.10.04 11:07:31.569,1.46696,1.46711,1.50,1.00
2017.10.04 11:07:31.724,1.46693,1.46709,2.44,1.00
2017.10.04 11:07:31.979,1.4669,1.46707,1.50,1.00
2017.10.04 11:07:32.031,1.46693,1.46708,1.00,1.00
2017.10.04 11:07:32.431,1.4669,1.46706,1.31,1.00
2017.10.04 11:07:33.180,1.4669,1.46706,1.31,1.00
2017.10.04 11:07:33.491,1.46693,1.46708,1.00,1.00
2017.10.04 11:07:35.659,1.46694,1.46708,1.00,1.00
2017.10.04 11:07:36.328,1.4669,1.46708,1.31,1.00
2017.10.04 11:07:42.800,1.4669,1.46706,2.06,1.00
2017.10.04 11:07:45.213,1.4669,1.46704,1.00,1.00
2017.10.04 11:07:45.417,1.46687,1.46702,1.00,1.00
2017.10.04 11:07:46.688,1.46689,1.46705,1.00,1.25
2017.10.04 11:07:46.844,1.46692,1.46705,1.00,1.00
2017.10.04 11:07:47.099,1.46693,1.4671,1.50,2.00
2017.10.04 11:07:47.151,1.46695,1.4671,1.50,1.75
2017.10.04 11:07:47.356,1.46695,1.4671,1.50,1.00
2017.10.04 11:07:47.876,1.46696,1.4671,1.00,1.00
2017.10.04 11:07:48.392,1.46696,1.46711,1.00,1.00
2017.10.04 11:07:48.910,1.46695,1.4671,1.50,1.00
2017.10.04 11:07:49.439,1.46695,1.46709,1.50,1.00
2017.10.04 11:07:50.082,1.46694,1.46709,1.25,1.00
2017.10.04 11:07:50.134,1.46693,1.46707,1.12,1.00
2017.10.04 11:07:50.440,1.46695,1.46711,1.50,1.00
2017.10.04 11:07:50.989,1.46695,1.4671,1.50,1.00
2017.10.04 11:07:51.533,1.46695,1.46711,1.50,1.00
2017.10.04 11:07:52.081,1.46696,1.46711,1.00,1.00
2017.10.04 11:07:52.646,1.46695,1.4671,1.69,1.00
2017.10.04 11:07:52.799,1.46693,1.46707,1.62,1.00
2017.10.04 11:07:53.304,1.46693,1.4671,1.69,2.25
2017.10.04 11:07:53.883,1.46694,1.4671,1.00,2.25
2017.10.04 11:07:57.190,1.46693,1.46706,1.00,1.00
2017.10.04 11:07:57.499,1.46693,1.46708,1.12,1.00
2017.10.04 11:07:57.550,1.46693,1.46706,1.00,1.00
2017.10.04 11:07:57.653,1.46691,1.46706,1.69,1.00
2017.10.04 11:08:00.751,1.46692,1.46707,1.00,1.00
2017.10.04 11:08:01.473,1.46693,1.46708,1.25,1.00
2017.10.04 11:08:02.231,1.46691,1.46706,1.00,1.00
2017.10.04 11:08:02.740,1.46692,1.46705,1.50,1.00
2017.10.04 11:08:03.308,1.46693,1.46704,1.00,1.00
2017.10.04 11:08:03.621,1.46694,1.46708,1.00,1.00
2017.10.04 11:08:04.130,1.46695,1.46708,1.00,1.00
2017.10.04 11:08:04.655,1.46694,1.46707,1.50,1.00
2017.10.04 11:08:04.707,1.46695,1.4671,1.50,1.00
2017.10.04 11:08:04.951,1.46697,1.4671,1.00,1.00
2017.10.04 11:08:05.155,1.46697,1.46713,1.50,1.00
2017.10.04 11:08:05.258,1.467,1.46712,1.00,1.00
2017.10.04 11:08:05.489,1.46697,1.4671,1.12,1.00
2017.10.04 11:08:05.643,1.46697,1.46712,1.50,1.00
2017.10.04 11:08:05.847,1.467,1.46712,1.00,1.00
2017.10.04 11:08:06.277,1.467,1.46714,1.00,1.50
2017.10.04 11:08:07.202,1.46701,1.46717,1.25,2.25
2017.10.04 11:08:07.254,1.46704,1.46718,1.00,1.75
2017.10.04 11:08:07.501,1.46709,1.46722,1.00,1.00
2017.10.04 11:08:08.014,1.4671,1.46722,1.00,1.00
2017.10.04 11:08:08.620,1.46709,1.46722,1.00,1.00
2017.10.04 11:08:10.188,1.46709,1.46721,1.00,1.00
2017.10.04 11:08:10.746,1.46708,1.46721,1.00,1.00
2017.10.04 11:08:11.147,1.46709,1.46723,1.00,1.12
2017.10.04 11:08:11.672,1.4671,1.46724,1.00,1.00
2017.10.04 11:08:12.536,1.46709,1.46725,1.00,1.69
2017.10.04 11:08:12.791,1.46709,1.46722,1.50,1.00
2017.10.04 11:08:13.848,1.46707,1.46722,1.69,1.00
2017.10.04 11:08:16.504,1.46706,1.46717,1.00,1.00
2017.10.04 11:08:16.606,1.46703,1.46718,2.25,1.50
2017.10.04 11:08:17.120,1.46703,1.46717,1.00,1.12
2017.10.04 11:08:20.160,1.46703,1.46715,1.00,1.25
2017.10.04 11:08:20.480,1.46695,1.46708,1.00,1.00
2017.10.04 11:08:20.532,1.46695,1.46711,1.00,1.50
2017.10.04 11:08:21.050,1.46694,1.46711,1.50,2.25
2017.10.04 11:08:22.686,1.46694,1.46707,1.00,1.00
2017.10.04 11:08:22.738,1.4669,1.46707,1.69,1.00
2017.10.04 11:08:26.166,1.4669,1.46708,1.00,1.69
2017.10.04 11:08:26.218,1.46688,1.46701,2.25,1.00
2017.10.04 11:08:26.620,1.46684,1.46701,1.00,1.69
2017.10.04 11:08:27.206,1.46683,1.467,1.50,1.62
2017.10.04 11:08:32.557,1.46685,1.46702,1.00,2.44
2017.10.04 11:08:32.813,1.4669,1.46705,1.50,1.00
2017.10.04 11:08:33.321,1.46689,1.46706,1.50,1.31
2017.10.04 11:08:35.111,1.46689,1.46706,1.00,1.31
2017.10.04 11:08:35.162,1.46689,1.46703,1.00,2.06
2017.10.04 11:08:35.264,1.46685,1.46702,1.87,1.69
2017.10.04 11:08:37.269,1.46687,1.46703,1.00,2.00
2017.10.04 11:08:37.424,1.46689,1.46706,1.50,1.69
2017.10.04 11:08:37.937,1.46691,1.46706,1.00,1.50
2017.10.04 11:08:39.147,1.46691,1.46709,1.00,3.94
2017.10.04 11:08:42.054,1.4669,1.46708,2.62,1.19
2017.10.04 11:08:43.018,1.4669,1.46705,1.12,1.00
2017.10.04 11:08:43.664,1.46691,1.46705,1.00,1.00
2017.10.04 11:08:44.218,1.4669,1.46705,1.50,1.00
2017.10.04 11:08:47.360,1.4669,1.46707,1.50,1.31
2017.10.04 11:08:50.331,1.4669,1.46707,1.50,1.31
2017.10.04 11:08:52.028,1.4669,1.46707,1.50,1.31
2017.10.04 11:08:52.572,1.4669,1.46703,1.50,1.00
2017.10.04 11:08:52.776,1.46687,1.46701,1.00,1.12
2017.10.04 11:08:53.330,1.46689,1.46705,1.00,1.75
2017.10.04 11:08:53.382,1.46689,1.46705,1.00,1.12
2017.10.04 11:09:00.073,1.46691,1.46709,1.00,2.44
2017.10.04 11:09:00.227,1.46694,1.4671,1.50,1.31
2017.10.04 11:09:00.761,1.46693,1.46709,1.00,1.00
2017.10.04 11:09:02.281,1.46694,1.46712,3.19,2.25
2017.10.04 11:09:02.383,1.46695,1.46712,1.00,1.87
2017.10.04 11:09:02.904,1.46694,1.46712,3.94,1.00
2017.10.04 11:09:04.098,1.46697,1.46712,1.00,1.00
2017.10.04 11:09:04.200,1.46699,1.46715,1.00,1.50
2017.10.04 11:09:04.404,1.467,1.46716,1.87,1.00
2017.10.04 11:09:04.912,1.46701,1.46718,1.12,1.87
2017.10.04 11:09:05.582,1.467,1.46718,2.62,1.69
2017.10.04 11:09:07.177,1.467,1.46716,1.50,1.31
2017.10.04 11:09:07.229,1.46698,1.46715,1.50,1.50
2017.10.04 11:09:07.484,1.46698,1.46715,1.50,1.87
2017.10.04 11:09:07.995,1.46698,1.46715,1.00,3.00
2017.10.04 11:09:08.304,1.46701,1.46715,1.00,1.00
2017.10.04 11:09:08.459,1.46699,1.46717,2.06,1.12
2017.10.04 11:09:09.030,1.46701,1.46717,1.00,1.12
2017.10.04 11:09:09.849,1.467,1.46718,1.25,1.50
2017.10.04 11:09:10.396,1.46701,1.46718,1.00,1.50
2017.10.04 11:09:10.906,1.46702,1.46718,1.00,1.50
2017.10.04 11:09:14.893,1.46703,1.46719,1.00,1.75
2017.10.04 11:09:15.120,1.46706,1.4672,1.00,1.31
2017.10.04 11:09:15.171,1.46704,1.4672,1.00,1.12
2017.10.04 11:09:15.850,1.46704,1.46719,1.00,1.00
2017.10.04 11:09:17.147,1.46704,1.46718,1.00,1.00
2017.10.04 11:09:18.619,1.46701,1.46718,2.62,1.00
2017.10.04 11:09:19.140,1.46703,1.46719,1.25,1.00
2017.10.04 11:09:19.446,1.46706,1.46721,1.00,1.00
2017.10.04 11:09:20.716,1.46705,1.46721,1.25,1.00
2017.10.04 11:09:22.483,1.46705,1.4672,1.00,1.00
2017.10.04 11:09:22.585,1.46705,1.46722,1.00,1.12
2017.10.04 11:09:23.120,1.46704,1.46722,1.25,1.50
2017.10.04 11:09:23.398,1.46706,1.46723,1.25,1.75
2017.10.04 11:09:23.706,1.46709,1.46725,1.75,1.69
2017.10.04 11:09:23.859,1.46708,1.46725,2.25,2.06
2017.10.04 11:09:25.070,1.46708,1.46723,1.00,1.00
2017.10.04 11:09:25.620,1.46708,1.46725,2.25,1.37
2017.10.04 11:09:28.313,1.46708,1.46725,1.00,1.69
2017.10.04 11:09:29.642,1.46708,1.46725,1.00,2.44
2017.10.04 11:09:30.189,1.46706,1.46722,1.87,1.00
2017.10.04 11:09:31.312,1.46706,1.46722,1.00,1.69
2017.10.04 11:09:34.840,1.46703,1.46721,2.25,2.06
2017.10.04 11:09:35.044,1.46703,1.4672,2.25,1.75
2017.10.04 11:09:35.146,1.46703,1.4672,1.00,1.12
2017.10.04 11:09:40.903,1.46703,1.46718,1.50,1.00
2017.10.04 11:09:41.067,1.46703,1.4672,1.50,1.12
2017.10.04 11:09:41.169,1.46704,1.4672,1.00,2.25
2017.10.04 11:09:41.679,1.46705,1.46721,1.00,2.00
2017.10.04 11:09:41.782,1.46704,1.46721,1.00,1.69
2017.10.04 11:09:44.687,1.46703,1.46717,1.00,1.00
2017.10.04 11:09:45.024,1.46695,1.46711,1.50,1.19
2017.10.04 11:09:45.279,1.46694,1.4671,1.50,2.00
2017.10.04 11:09:45.585,1.46698,1.46715,1.00,3.94
2017.10.04 11:09:46.531,1.467,1.46716,1.00,2.44
2017.10.04 11:09:46.582,1.467,1.46716,1.00,2.44
2017.10.04 11:09:48.402,1.46701,1.46717,1.00,2.44
2017.10.04 11:09:48.456,1.46703,1.46718,1.00,1.94
2017.10.04 11:09:48.610,1.46703,1.46719,1.50,2.44
2017.10.04 11:09:49.127,1.46704,1.46719,1.00,1.69
2017.10.04 11:09:49.180,1.46702,1.46719,1.00,2.62
2017.10.04 11:09:49.722,1.46703,1.46718,1.00,1.87
2017.10.04 11:09:53.364,1.46702,1.46718,1.00,1.12
2017.10.04 11:09:53.885,1.46702,1.46717,1.00,1.00
2017.10.04 11:09:55.611,1.467,1.46716,1.37,1.00
2017.10.04 11:09:55.748,1.46699,1.46715,1.69,1.00
2017.10.04 11:09:56.413,1.46699,1.46714,1.25,1.00
2017.10.04 11:09:56.995,1.46699,1.46716,1.25,1.69
2017.10.04 11:09:57.844,1.467,1.46716,1.00,2.25
2017.10.04 11:09:59.480,1.467,1.46716,1.19,1.00
2017.10.04 11:09:59.717,1.46704,1.46719,1.25,1.87
2017.10.04 11:09:59.974,1.46703,1.46717,1.00,1.00
2017.10.04 11:10:00.233,1.46703,1.46719,1.00,1.12
2017.10.04 11:10:02.302,1.46704,1.4672,1.00,2.25
2017.10.04 11:10:02.354,1.46705,1.46722,1.50,1.31
2017.10.04 11:10:02.510,1.46705,1.46723,2.25,3.19
2017.10.04 11:10:02.817,1.46707,1.46722,1.00,1.19
2017.10.04 11:10:03.072,1.46705,1.46721,1.00,1.25
2017.10.04 11:10:03.587,1.46706,1.46721,1.00,1.31
2017.10.04 11:10:04.095,1.46705,1.4672,1.00,1.00
2017.10.04 11:10:04.632,1.46704,1.4672,1.00,1.00
2017.10.04 11:10:05.213,1.46703,1.4672,1.87,1.25
2017.10.04 11:10:06.902,1.46704,1.46722,1.12,1.69
2017.10.04 11:10:06.953,1.46704,1.46722,2.06,1.00
2017.10.04 11:10:07.106,1.46705,1.46722,2.25,1.00
2017.10.04 11:10:07.626,1.46705,1.46721,2.25,1.00
2017.10.04 11:10:08.825,1.4671,1.46722,1.00,1.00
2017.10.04 11:10:08.928,1.46713,1.46729,1.00,2.62
2017.10.04 11:10:09.030,1.46713,1.46729,1.00,2.44
2017.10.04 11:10:10.004,1.46714,1.4673,1.00,2.81
2017.10.04 11:10:10.797,1.46714,1.46729,1.00,1.00
2017.10.04 11:10:10.946,1.46714,1.46729,1.00,1.19
2017.10.04 11:10:10.997,1.46711,1.46728,1.12,1.19
2017.10.04 11:10:11.527,1.46712,1.46728,1.00,1.00
2017.10.04 11:10:12.568,1.4671,1.46727,1.19,1.00
2017.10.04 11:10:12.873,1.46713,1.46726,1.00,1.12
2017.10.04 11:10:13.026,1.46713,1.46729,1.00,1.50
2017.10.04 11:10:13.434,1.46715,1.46729,1.00,1.00
2017.10.04 11:10:13.537,1.46719,1.46734,1.00,1.00
2017.10.04 11:10:13.641,1.46717,1.46734,2.44,1.00
2017.10.04 11:10:13.693,1.46719,1.46734,1.00,1.00
2017.10.04 11:10:14.195,1.46719,1.46735,1.00,1.12
2017.10.04 11:10:14.734,1.46719,1.46736,1.00,1.25
2017.10.04 11:10:15.269,1.46718,1.46737,1.87,3.56
2017.10.04 11:10:15.587,1.46718,1.46735,1.00,1.75
2017.10.04 11:10:16.721,1.46717,1.46736,2.06,1.12
2017.10.04 11:10:16.772,1.46717,1.46734,1.12,1.00
2017.10.04 11:10:17.288,1.46716,1.46734,2.44,1.50
2017.10.04 11:10:17.593,1.46715,1.46733,1.87,2.06
2017.10.04 11:10:18.210,1.46715,1.46733,3.37,1.12
2017.10.04 11:10:18.516,1.46714,1.46732,1.50,3.19
2017.10.04 11:10:18.723,1.46715,1.46732,1.00,2.62
2017.10.04 11:10:19.592,1.46716,1.46732,1.00,1.12
2017.10.04 11:10:20.095,1.46717,1.46734,1.00,1.50
2017.10.04 11:10:20.950,1.46716,1.46733,1.12,1.12
2017.10.04 11:10:21.467,1.46716,1.46733,1.12,1.31
2017.10.04 11:10:21.569,1.46714,1.46732,1.00,1.69
2017.10.04 11:10:21.725,1.46712,1.4673,2.29,1.50
2017.10.04 11:10:22.250,1.46712,1.46731,1.12,1.87
2017.10.04 11:10:23.231,1.46714,1.46732,1.12,1.31
2017.10.04 11:10:23.750,1.46711,1.4673,2.62,1.69
2017.10.04 11:10:24.136,1.46713,1.46729,1.00,1.12
2017.10.04 11:10:25.413,1.46712,1.46728,1.00,1.00
2017.10.04 11:10:25.922,1.46713,1.46729,1.00,1.12
2017.10.04 11:10:26.375,1.46715,1.46728,1.00,1.19
2017.10.04 11:10:26.427,1.46712,1.46728,1.50,1.19
2017.10.04 11:10:26.937,1.46712,1.46728,1.00,1.19
2017.10.04 11:10:27.468,1.46713,1.46729,1.00,1.19
2017.10.04 11:10:27.675,1.46713,1.46729,1.00,1.25
2017.10.04 11:10:30.701,1.46718,1.4673,1.00,1.00
2017.10.04 11:10:30.955,1.46719,1.46734,1.31,1.00
2017.10.04 11:10:31.262,1.4672,1.46736,1.00,1.00
2017.10.04 11:10:31.802,1.46721,1.46737,1.00,1.12
2017.10.04 11:10:33.845,1.46719,1.46735,1.12,1.25
2017.10.04 11:10:34.450,1.46718,1.46734,1.00,1.12
2017.10.04 11:10:35.686,1.4672,1.46734,1.00,1.12
2017.10.04 11:10:35.890,1.4672,1.46736,2.25,1.00
2017.10.04 11:10:36.488,1.46721,1.46737,1.12,1.50
2017.10.04 11:10:36.692,1.46716,1.46734,1.94,1.00
2017.10.04 11:10:36.795,1.46715,1.46734,3.75,1.19
2017.10.04 11:10:36.898,1.46715,1.46734,3.75,1.44
2017.10.04 11:10:37.412,1.46715,1.46734,2.25,1.50
2017.10.04 11:10:39.115,1.46715,1.46734,2.25,1.50
2017.10.04 11:10:39.299,1.46713,1.46731,1.62,1.00
2017.10.04 11:10:40.824,1.46714,1.46732,1.75,1.19
2017.10.04 11:10:42.385,1.46713,1.46731,2.25,1.25
2017.10.04 11:10:46.106,1.46714,1.46732,1.12,1.50
2017.10.04 11:10:49.579,1.46714,1.46731,1.12,1.00
2017.10.04 11:10:51.542,1.46715,1.46731,1.00,1.25
2017.10.04 11:10:52.070,1.46714,1.46732,1.87,1.31
2017.10.04 11:10:52.623,1.46716,1.46732,1.00,1.31
2017.10.04 11:10:53.878,1.46716,1.46734,1.00,2.19
2017.10.04 11:10:54.389,1.46717,1.46733,1.12,1.19
2017.10.04 11:10:55.659,1.46717,1.46734,1.87,1.19
2017.10.04 11:10:56.174,1.46718,1.46734,1.00,1.19
2017.10.04 11:10:57.063,1.46715,1.46733,2.25,1.44
2017.10.04 11:10:57.114,1.46715,1.46733,1.12,1.50
2017.10.04 11:11:11.365,1.46714,1.4673,2.25,1.00
2017.10.04 11:11:15.256,1.46716,1.46732,1.00,1.19
2017.10.04 11:11:15.308,1.46717,1.46734,1.00,1.69
2017.10.04 11:11:15.411,1.46719,1.46735,1.00,1.31
2017.10.04 11:11:15.713,1.46719,1.46735,2.25,1.25
2017.10.04 11:11:16.520,1.4672,1.46736,1.50,1.25
2017.10.04 11:11:18.062,1.4672,1.46737,1.50,1.69
2017.10.04 11:11:22.953,1.46722,1.4674,2.81,1.87
2017.10.04 11:11:23.005,1.46727,1.46744,1.00,2.44
2017.10.04 11:11:23.057,1.46727,1.46744,1.00,2.44
2017.10.04 11:11:24.913,1.46727,1.46742,1.87,1.00
2017.10.04 11:11:26.370,1.46727,1.46741,1.00,1.00
2017.10.04 11:11:39.176,1.46725,1.46736,1.00,1.00
2017.10.04 11:11:39.278,1.46721,1.46738,1.00,1.50
2017.10.04 11:11:39.787,1.4672,1.46736,1.12,1.00
2017.10.04 11:11:40.128,1.4672,1.46734,1.12,1.00
2017.10.04 11:11:40.179,1.46716,1.46734,3.94,1.25
2017.10.04 11:11:40.715,1.46716,1.46733,3.19,1.00
2017.10.04 11:11:45.304,1.46715,1.4673,1.75,1.00
2017.10.04 11:11:45.508,1.46714,1.4673,1.12,1.00
2017.10.04 11:11:46.043,1.46714,1.46731,1.12,1.12
2017.10.04 11:11:46.094,1.46714,1.46729,1.12,1.00
2017.10.04 11:11:46.624,1.46715,1.46732,1.00,1.31
2017.10.04 11:11:47.403,1.46715,1.46733,2.25,1.19
2017.10.04 11:11:47.779,1.46716,1.46733,1.37,1.25
2017.10.04 11:11:47.881,1.46716,1.46733,1.75,1.25
2017.10.04 11:11:47.984,1.46716,1.46733,2.25,1.25
2017.10.04 11:11:49.341,1.46718,1.46733,1.00,1.25
2017.10.04 11:11:50.292,1.46717,1.46734,1.00,1.31
2017.10.04 11:11:51.088,1.46719,1.46735,1.00,1.69
2017.10.04 11:11:51.605,1.4672,1.46735,1.12,1.12
2017.10.04 11:11:52.180,1.46717,1.4673,1.75,1.25
2017.10.04 11:11:52.428,1.46715,1.4673,1.00,1.69
2017.10.04 11:11:52.683,1.46713,1.46728,1.00,1.31
2017.10.04 11:11:53.093,1.46715,1.46728,1.00,1.50
2017.10.04 11:11:53.612,1.46715,1.46728,1.00,1.12
2017.10.04 11:11:54.077,1.46715,1.46731,1.00,2.44
2017.10.04 11:11:55.196,1.46715,1.46731,1.00,1.50
2017.10.04 11:11:55.502,1.46716,1.46733,1.87,1.25
2017.10.04 11:11:55.604,1.46717,1.46731,1.00,1.69
2017.10.04 11:11:55.941,1.46715,1.46731,1.00,1.00
2017.10.04 11:11:56.464,1.46716,1.46732,1.12,1.00
2017.10.04 11:11:59.276,1.46716,1.46731,1.12,1.00
2017.10.04 11:12:00.111,1.46715,1.4673,1.50,1.00
2017.10.04 11:12:00.469,1.46715,1.46733,2.25,1.25
2017.10.04 11:12:00.520,1.46715,1.46733,1.50,1.31
2017.10.04 11:12:01.537,1.46715,1.46732,1.00,1.00
2017.10.04 11:12:02.236,1.46713,1.46731,2.81,1.00
2017.10.04 11:12:03.116,1.46714,1.4673,1.12,1.00
2017.10.04 11:12:03.743,1.46715,1.46724,1.00,1.00
2017.10.04 11:12:03.897,1.46711,1.46725,1.75,1.25
2017.10.04 11:12:04.148,1.46713,1.46727,1.00,1.25
2017.10.04 11:12:05.724,1.46714,1.46727,1.00,1.00
2017.10.04 11:12:06.563,1.46714,1.46728,1.50,1.00
2017.10.04 11:12:07.141,1.46712,1.46728,1.00,1.87
2017.10.04 11:12:08.658,1.46711,1.46728,1.50,1.87
2017.10.04 11:12:09.600,1.46712,1.46728,1.00,1.69
2017.10.04 11:12:09.856,1.46712,1.46729,1.00,1.25
2017.10.04 11:12:10.393,1.46712,1.46727,1.00,1.00
2017.10.04 11:12:10.951,1.46711,1.46727,1.87,1.00
2017.10.04 11:12:11.280,1.46705,1.46721,1.75,1.00
2017.10.04 11:12:11.383,1.46704,1.46721,1.87,1.00
2017.10.04 11:12:13.057,1.46701,1.46717,3.00,2.66
2017.10.04 11:12:13.243,1.46694,1.46711,1.12,1.00
2017.10.04 11:12:16.319,1.46695,1.46711,1.00,1.00
2017.10.04 11:12:16.908,1.46696,1.46711,1.00,1.00
2017.10.04 11:12:17.628,1.46696,1.46712,1.00,1.69
2017.10.04 11:12:18.114,1.46695,1.46711,1.00,1.19
2017.10.04 11:12:18.618,1.46696,1.46711,1.00,1.19
2017.10.04 11:12:20.710,1.46696,1.4671,1.00,1.31
2017.10.04 11:12:20.867,1.46692,1.46708,1.12,1.25
2017.10.04 11:12:21.377,1.46692,1.46707,1.00,1.00
2017.10.04 11:12:21.935,1.46692,1.46707,1.00,1.50
2017.10.04 11:12:22.486,1.46692,1.46707,1.00,1.00
2017.10.04 11:12:22.987,1.46691,1.46706,1.00,1.12
2017.10.04 11:12:25.092,1.4669,1.46706,1.00,1.12
2017.10.04 11:12:25.409,1.46691,1.46704,1.00,1.00
2017.10.04 11:12:25.461,1.46688,1.46704,1.50,1.31
2017.10.04 11:12:25.512,1.4669,1.46705,1.00,1.69
2017.10.04 11:12:26.075,1.46693,1.46708,1.00,1.87
2017.10.04 11:12:26.588,1.46691,1.46707,1.00,2.06
2017.10.04 11:12:26.895,1.46688,1.46702,1.00,1.00
2017.10.04 11:12:27.420,1.46687,1.46702,1.87,1.00
2017.10.04 11:12:28.943,1.46688,1.46702,1.00,1.00
2017.10.04 11:12:29.471,1.46687,1.46702,1.00,1.00
2017.10.04 11:12:31.218,1.46686,1.46702,1.00,1.50
2017.10.04 11:12:31.908,1.46687,1.46702,1.00,1.50
2017.10.04 11:12:34.311,1.46686,1.46702,1.00,1.69
2017.10.04 11:12:35.951,1.46686,1.46702,1.00,1.19
2017.10.04 11:12:36.265,1.46686,1.46703,1.00,1.00
2017.10.04 11:12:36.369,1.46689,1.46705,1.00,1.69
2017.10.04 11:12:36.879,1.46689,1.46702,1.00,1.00
2017.10.04 11:12:37.138,1.46687,1.46702,1.00,1.00
2017.10.04 11:12:37.521,1.46689,1.46702,1.00,1.00
2017.10.04 11:12:37.774,1.46687,1.46701,1.00,1.00
2017.10.04 11:12:38.301,1.46686,1.467,1.00,1.25
2017.10.04 11:12:38.871,1.46685,1.467,1.00,1.25
2017.10.04 11:12:40.570,1.46685,1.46699,1.00,1.00
2017.10.04 11:12:42.931,1.46685,1.467,1.00,1.00
2017.10.04 11:12:43.033,1.46686,1.46703,1.00,3.19
2017.10.04 11:12:43.669,1.46686,1.46703,1.00,1.12
2017.10.04 11:12:43.772,1.46689,1.46703,1.00,1.00
2017.10.04 11:12:43.874,1.46687,1.46703,1.00,1.00
2017.10.04 11:12:44.571,1.46687,1.46702,1.00,1.00
2017.10.04 11:12:47.904,1.46686,1.46703,1.00,1.12
2017.10.04 11:12:49.439,1.46687,1.46703,1.00,1.12
2017.10.04 11:12:55.443,1.46689,1.46705,1.00,1.75
2017.10.04 11:12:55.698,1.46691,1.46706,1.00,1.00
2017.10.04 11:12:56.211,1.46691,1.46707,1.00,1.12
2017.10.04 11:12:57.739,1.46693,1.46707,1.00,1.12
2017.10.04 11:12:57.842,1.46689,1.46706,1.50,1.25
2017.10.04 11:12:58.047,1.46689,1.46706,1.00,2.62
2017.10.04 11:12:58.590,1.46688,1.46706,1.25,1.87
2017.10.04 11:12:59.596,1.46689,1.46706,1.00,2.25
2017.10.04 11:12:59.918,1.46695,1.46711,1.00,1.31
2017.10.04 11:13:01.751,1.46695,1.46711,1.50,1.00
2017.10.04 11:13:01.905,1.46691,1.46708,3.00,1.69
2017.10.04 11:13:01.956,1.46691,1.46708,2.25,2.44
2017.10.04 11:13:03.073,1.46691,1.46707,1.00,1.00
2017.10.04 11:13:04.158,1.46691,1.46707,1.00,1.50
2017.10.04 11:13:04.500,1.46688,1.467,1.12,1.00
2017.10.04 11:13:04.654,1.46682,1.46698,1.50,1.94
2017.10.04 11:13:05.182,1.46681,1.46698,1.00,2.44
2017.10.04 11:13:06.336,1.46681,1.46697,1.00,1.00
2017.10.04 11:13:07.189,1.46679,1.46694,1.87,1.25
2017.10.04 11:13:07.497,1.46679,1.46694,1.00,2.00
2017.10.04 11:13:10.767,1.46679,1.46697,1.69,2.62
2017.10.04 11:13:10.819,1.46681,1.46693,1.00,1.00
2017.10.04 11:13:11.042,1.46681,1.46696,1.00,1.50
2017.10.04 11:13:11.145,1.46683,1.46699,1.00,1.75
2017.10.04 11:13:11.670,1.46684,1.46699,2.25,1.37
2017.10.04 11:13:12.349,1.46686,1.46701,1.00,2.44
2017.10.04 11:13:12.944,1.46687,1.46701,1.00,2.44
2017.10.04 11:13:13.485,1.46686,1.46701,1.00,2.25
2017.10.04 11:13:13.830,1.46687,1.46701,1.00,1.75
2017.10.04 11:13:15.029,1.46688,1.46701,1.00,2.25
2017.10.04 11:13:15.182,1.46688,1.46701,1.00,1.00
2017.10.04 11:13:15.783,1.46687,1.46701,1.00,1.00
2017.10.04 11:13:15.886,1.46687,1.467,1.00,1.75
2017.10.04 11:13:15.988,1.4668,1.46692,1.00,1.00
2017.10.04 11:13:16.040,1.46677,1.46692,1.00,1.00
2017.10.04 11:13:16.198,1.46679,1.46693,1.00,1.31
2017.10.04 11:13:16.987,1.4668,1.46693,1.00,1.12
2017.10.04 11:13:17.294,1.46682,1.46697,1.00,2.44
2017.10.04 11:13:17.863,1.46682,1.46697,1.00,1.19
2017.10.04 11:13:18.170,1.46681,1.46692,1.00,1.00
2017.10.04 11:13:18.222,1.46677,1.46692,1.50,1.19
2017.10.04 11:13:18.876,1.46677,1.46692,1.00,1.19
2017.10.04 11:13:19.470,1.46677,1.46693,1.00,2.06
2017.10.04 11:13:19.987,1.46677,1.46692,1.00,1.00
2017.10.04 11:13:21.159,1.46677,1.46693,1.00,1.87
2017.10.04 11:13:21.700,1.46677,1.46693,1.31,1.00
2017.10.04 11:13:22.254,1.46677,1.46694,2.81,1.50
2017.10.04 11:13:22.758,1.46677,1.46693,2.06,1.00
2017.10.04 11:13:23.305,1.46677,1.46694,1.31,1.00
2017.10.04 11:13:25.971,1.46677,1.46694,2.06,1.50
2017.10.04 11:13:26.022,1.4668,1.46696,1.00,1.12
2017.10.04 11:13:26.764,1.46679,1.46696,1.87,1.19
2017.10.04 11:13:27.578,1.4668,1.46697,1.12,2.06
2017.10.04 11:13:27.629,1.4668,1.46697,3.19,1.31
2017.10.04 11:13:27.936,1.4668,1.46696,1.87,1.50
2017.10.04 11:13:29.527,1.46679,1.46695,1.50,1.00
2017.10.04 11:13:30.286,1.46678,1.46693,2.25,1.00
2017.10.04 11:13:30.835,1.46678,1.46693,1.00,1.87
2017.10.04 11:13:31.813,1.46678,1.46693,1.50,1.87
2017.10.04 11:13:32.017,1.46676,1.46692,2.25,1.00
2017.10.04 11:13:33.695,1.46677,1.46693,1.12,1.12
2017.10.04 11:13:33.747,1.46679,1.46691,1.00,1.00
2017.10.04 11:13:33.902,1.46678,1.46694,1.50,1.00
2017.10.04 11:13:33.954,1.46681,1.46694,1.00,1.00
2017.10.04 11:13:34.533,1.4668,1.46695,1.00,1.12
2017.10.04 11:13:34.860,1.46682,1.46695,1.00,1.12
2017.10.04 11:13:35.744,1.46679,1.46695,1.00,1.12
2017.10.04 11:13:36.802,1.4668,1.46695,1.00,1.12
2017.10.04 11:13:41.606,1.46679,1.46693,1.00,1.00
2017.10.04 11:13:41.915,1.46676,1.46691,1.00,3.37
2017.10.04 11:13:41.967,1.46674,1.46691,1.00,3.37
2017.10.04 11:13:42.599,1.46674,1.46688,1.00,1.37
2017.10.04 11:13:43.125,1.46673,1.46688,1.00,1.37
2017.10.04 11:13:45.199,1.46673,1.4669,3.00,1.69
2017.10.04 11:13:45.251,1.46676,1.4669,1.00,1.25
2017.10.04 11:13:45.598,1.46678,1.46693,1.00,2.06
2017.10.04 11:13:47.163,1.46679,1.46694,1.00,1.31
2017.10.04 11:13:48.235,1.46678,1.46693,1.00,1.19
2017.10.04 11:13:48.882,1.46678,1.46693,1.00,1.00
2017.10.04 11:13:49.414,1.46678,1.46694,1.00,1.31
2017.10.04 11:13:49.925,1.46679,1.46694,1.00,1.31
2017.10.04 11:13:50.786,1.46679,1.46694,1.00,2.06
2017.10.04 11:13:51.366,1.46678,1.46693,1.00,1.37
2017.10.04 11:13:51.951,1.46679,1.46694,1.12,1.12
2017.10.04 11:13:52.278,1.46682,1.46695,1.00,1.62
2017.10.04 11:13:52.761,1.4668,1.46696,1.00,2.06
2017.10.04 11:13:53.587,1.4668,1.46696,1.00,2.06
2017.10.04 11:13:54.739,1.46682,1.46697,1.00,1.50
2017.10.04 11:13:55.127,1.4668,1.46695,1.00,1.12
2017.10.04 11:13:55.562,1.46682,1.46695,1.00,1.12
2017.10.04 11:13:56.442,1.46679,1.46693,1.12,1.37
2017.10.04 11:13:57.796,1.46679,1.46693,1.00,1.12
2017.10.04 11:13:58.698,1.46677,1.46691,1.87,1.12
2017.10.04 11:13:59.085,1.4668,1.46694,1.00,2.62
2017.10.04 11:13:59.598,1.46679,1.46692,1.00,1.00
2017.10.04 11:13:59.650,1.46677,1.46692,1.00,1.00
2017.10.04 11:13:59.803,1.46679,1.46691,1.00,1.00
2017.10.04 11:13:59.854,1.46677,1.46691,1.12,1.00
2017.10.04 11:13:59.906,1.46677,1.46693,1.87,1.00
2017.10.04 11:14:00.129,1.46677,1.4669,1.87,1.00
2017.10.04 11:14:01.980,1.46675,1.4669,2.25,1.00
2017.10.04 11:14:02.589,1.46675,1.46692,2.25,1.69
2017.10.04 11:14:03.446,1.46676,1.46691,1.00,1.50
2017.10.04 11:14:03.498,1.46675,1.46689,1.00,1.31
2017.10.04 11:14:03.652,1.46673,1.4669,1.31,1.62
2017.10.04 11:14:03.857,1.46674,1.46692,1.00,3.37
2017.10.04 11:14:03.959,1.46676,1.46694,1.00,1.94
2017.10.04 11:14:04.061,1.46676,1.46694,1.00,1.69
2017.10.04 11:14:04.903,1.46676,1.46694,1.00,3.19
2017.10.04 11:14:05.056,1.46676,1.46692,1.00,1.19
2017.10.04 11:14:05.365,1.46676,1.46692,1.00,1.25
2017.10.04 11:14:05.875,1.46677,1.46693,1.00,1.19
2017.10.04 11:14:06.029,1.46677,1.46694,1.00,2.25
2017.10.04 11:14:06.777,1.46675,1.46691,1.00,1.37
2017.10.04 11:14:07.795,1.46675,1.4669,1.00,1.00
2017.10.04 11:14:08.506,1.46676,1.46691,1.00,1.00
2017.10.04 11:14:08.609,1.46676,1.46693,1.19,1.12
2017.10.04 11:14:08.661,1.46679,1.46693,1.00,1.00
2017.10.04 11:14:08.967,1.46682,1.46698,1.00,1.50
2017.10.04 11:14:09.070,1.46684,1.46698,1.00,1.37
2017.10.04 11:14:10.458,1.46684,1.46699,1.00,1.69
2017.10.04 11:14:10.988,1.46683,1.46699,1.00,1.69
2017.10.04 11:14:11.493,1.46684,1.46699,1.00,1.25
2017.10.04 11:14:14.789,1.46684,1.467,1.00,1.00
2017.10.04 11:14:17.014,1.46683,1.467,1.12,1.00
2017.10.04 11:14:17.168,1.46685,1.46702,1.00,2.81
2017.10.04 11:14:17.474,1.4669,1.46706,1.00,2.06
2017.10.04 11:14:18.181,1.46691,1.46706,1.00,1.25
2017.10.04 11:14:18.692,1.46697,1.46712,1.00,1.75
2017.10.04 11:14:18.794,1.46697,1.46715,1.00,2.44
2017.10.04 11:14:18.896,1.46697,1.46715,1.87,1.56
2017.10.04 11:14:19.843,1.46696,1.46714,2.44,1.25
2017.10.04 11:14:20.302,1.46695,1.46709,1.75,1.37
2017.10.04 11:14:20.547,1.46691,1.46708,1.00,1.69
2017.10.04 11:14:21.007,1.46688,1.46706,2.06,1.12
2017.10.04 11:14:22.199,1.46688,1.46706,1.12,1.50
2017.10.04 11:14:22.818,1.46688,1.46707,1.12,1.87
2017.10.04 11:14:23.492,1.46688,1.46705,1.12,1.00
2017.10.04 11:14:26.066,1.46684,1.46702,3.19,1.19
2017.10.04 11:14:26.219,1.46683,1.467,1.75,1.00
2017.10.04 11:14:26.321,1.46683,1.467,1.00,1.00
2017.10.04 11:14:26.829,1.46683,1.46701,1.00,2.06
2017.10.04 11:14:27.330,1.46683,1.467,1.00,1.00
2017.10.04 11:14:28.128,1.46683,1.467,1.25,1.37
2017.10.04 11:14:29.068,1.46683,1.46701,1.50,1.31
2017.10.04 11:14:29.678,1.46683,1.467,1.00,1.00
2017.10.04 11:14:30.124,1.46685,1.46701,1.25,1.12
2017.10.04 11:14:30.430,1.4669,1.46707,1.00,2.25
2017.10.04 11:14:31.042,1.46689,1.46707,1.00,1.69
2017.10.04 11:14:31.574,1.4669,1.46707,1.00,1.69
2017.10.04 11:14:32.131,1.46691,1.46706,1.00,1.31
2017.10.04 11:14:32.667,1.46691,1.46706,1.00,1.31
2017.10.04 11:14:32.980,1.46689,1.46703,1.00,1.37
2017.10.04 11:14:33.031,1.46687,1.46702,1.12,1.31
2017.10.04 11:14:33.083,1.46687,1.46702,1.12,2.06
2017.10.04 11:14:33.236,1.46683,1.46697,1.00,1.00
2017.10.04 11:14:33.288,1.46685,1.46697,1.00,1.00
2017.10.04 11:14:33.923,1.46684,1.46699,1.00,2.44
2017.10.04 11:14:34.438,1.46684,1.46699,1.00,2.81
2017.10.04 11:14:35.094,1.46684,1.46698,1.00,1.00
2017.10.04 11:14:37.095,1.46684,1.46699,1.50,3.19
2017.10.04 11:14:37.742,1.46685,1.46699,1.00,2.44
2017.10.04 11:14:38.781,1.46685,1.46695,1.00,2.06
2017.10.04 11:14:38.832,1.46681,1.46695,1.00,1.69
2017.10.04 11:14:39.092,1.46683,1.46696,1.00,1.50
2017.10.04 11:14:39.604,1.46682,1.46697,1.00,2.44
2017.10.04 11:14:39.994,1.46684,1.46696,1.00,1.50
2017.10.04 11:14:41.078,1.46683,1.46697,1.00,2.44
2017.10.04 11:14:42.638,1.46684,1.46698,1.00,2.25
2017.10.04 11:14:42.843,1.46684,1.46699,1.00,1.31
2017.10.04 11:14:43.387,1.46683,1.46698,1.00,1.00
2017.10.04 11:14:43.910,1.46684,1.467,1.00,1.50
2017.10.04 11:14:44.013,1.46684,1.46697,1.00,1.00
2017.10.04 11:14:44.536,1.46683,1.46697,1.00,1.00
2017.10.04 11:14:44.899,1.46681,1.46696,1.00,1.50
2017.10.04 11:14:48.030,1.46679,1.46694,2.25,1.25
2017.10.04 11:14:48.133,1.46681,1.46694,1.00,2.25
2017.10.04 11:14:48.490,1.46679,1.46693,1.00,1.00
2017.10.04 11:14:48.966,1.46681,1.46694,1.00,1.16
2017.10.04 11:14:49.272,1.46685,1.46699,1.00,3.04
2017.10.04 11:14:49.374,1.46683,1.46698,1.00,1.12
2017.10.04 11:14:49.426,1.46681,1.46697,1.00,1.25
2017.10.04 11:14:50.028,1.4668,1.46697,2.25,1.69
2017.10.04 11:14:51.324,1.46682,1.46697,1.00,1.69
2017.10.04 11:14:53.250,1.46683,1.46696,1.00,1.12
2017.10.04 11:14:53.557,1.46687,1.46701,1.00,2.25
2017.10.04 11:14:53.660,1.46688,1.46703,1.00,1.75
2017.10.04 11:14:53.762,1.46688,1.46703,1.00,1.50
2017.10.04 11:14:54.269,1.46687,1.46703,1.00,1.50
2017.10.04 11:14:55.014,1.46688,1.46704,1.00,2.44
2017.10.04 11:14:55.517,1.46687,1.46704,1.00,2.44
2017.10.04 11:14:56.063,1.46686,1.46703,1.00,4.16
2017.10.04 11:14:56.374,1.46686,1.467,1.00,1.00
2017.10.04 11:14:56.993,1.46685,1.46697,1.00,1.00
2017.10.04 11:14:57.044,1.46682,1.46696,1.50,1.00
2017.10.04 11:14:57.403,1.46681,1.46694,1.00,1.00
2017.10.04 11:14:57.800,1.46679,1.46693,1.00,2.06
2017.10.04 11:14:58.348,1.46679,1.46692,1.00,1.00
2017.10.04 11:14:58.654,1.4668,1.46695,1.00,1.19
2017.10.04 11:14:58.705,1.46682,1.46695,1.00,1.19
2017.10.04 11:14:59.006,1.4668,1.46694,1.00,1.25
2017.10.04 11:14:59.419,1.46681,1.46692,1.00,1.00
2017.10.04 11:14:59.795,1.46682,1.46696,1.00,1.69
2017.10.04 11:15:00.316,1.46681,1.46695,1.00,1.25
2017.10.04 11:15:00.571,1.46681,1.46692,1.00,1.00
2017.10.04 11:15:00.623,1.46681,1.46696,1.00,1.25
2017.10.04 11:15:01.229,1.46681,1.46695,1.00,1.00
2017.10.04 11:15:01.764,1.4668,1.46696,1.00,1.25
2017.10.04 11:15:02.326,1.4668,1.46695,1.00,1.00
2017.10.04 11:15:03.272,1.46678,1.46694,1.12,1.00
2017.10.04 11:15:03.324,1.46678,1.46696,1.87,1.50
2017.10.04 11:15:03.865,1.46679,1.46696,1.00,1.50
2017.10.04 11:15:04.861,1.46679,1.46694,1.00,1.62
2017.10.04 11:15:05.119,1.46679,1.46695,1.19,1.50
2017.10.04 11:15:05.700,1.46679,1.46695,1.00,1.00
2017.10.04 11:15:07.039,1.46681,1.46696,1.00,1.87
2017.10.04 11:15:08.681,1.46679,1.46695,1.00,1.12
2017.10.04 11:15:09.424,1.46681,1.46695,1.00,1.12
2017.10.04 11:15:10.436,1.46681,1.46691,1.00,1.35
2017.10.04 11:15:10.488,1.46677,1.46692,1.00,1.31
2017.10.04 11:15:10.539,1.46679,1.46692,1.00,1.31
2017.10.04 11:15:11.093,1.4668,1.46694,1.00,3.56
2017.10.04 11:15:11.610,1.46679,1.46694,1.50,1.12
2017.10.04 11:15:11.712,1.4668,1.46694,1.00,1.00
2017.10.04 11:15:12.019,1.46685,1.46696,1.00,1.12
2017.10.04 11:15:12.070,1.46683,1.46696,1.00,1.12
2017.10.04 11:15:12.174,1.46682,1.46697,1.00,1.50
2017.10.04 11:15:12.692,1.46681,1.46697,1.00,2.62
2017.10.04 11:15:13.519,1.46681,1.46696,1.00,1.56
2017.10.04 11:15:13.836,1.4668,1.46692,1.50,1.00
2017.10.04 11:15:14.060,1.46678,1.46692,1.00,1.50
2017.10.04 11:15:14.569,1.46679,1.46692,1.00,1.00
2017.10.04 11:15:15.095,1.46678,1.46693,1.00,1.72
2017.10.04 11:15:15.644,1.46679,1.46692,1.00,1.12
2017.10.04 11:15:16.172,1.46679,1.46691,1.00,1.00
2017.10.04 11:15:16.223,1.46676,1.46691,1.50,1.00
2017.10.04 11:15:16.744,1.46676,1.4669,1.50,1.12
2017.10.04 11:15:18.373,1.46679,1.46693,1.00,1.91
2017.10.04 11:15:18.775,1.46679,1.46693,1.00,1.35
2017.10.04 11:15:19.359,1.46678,1.46693,1.50,1.35
2017.10.04 11:15:19.864,1.4668,1.46694,1.50,1.50
2017.10.04 11:15:21.231,1.46679,1.46694,1.50,1.00
2017.10.04 11:15:22.125,1.46678,1.46694,1.00,2.29
2017.10.04 11:15:22.635,1.46679,1.46694,1.00,1.91
2017.10.04 11:15:26.849,1.46679,1.46693,1.00,1.00
2017.10.04 11:15:27.367,1.4668,1.46693,1.00,1.00
2017.10.04 11:15:29.292,1.46681,1.46693,1.00,1.00
2017.10.04 11:15:29.627,1.46681,1.46688,1.00,1.00
2017.10.04 11:15:29.678,1.46676,1.46688,1.00,1.00
2017.10.04 11:15:29.780,1.46678,1.46693,1.00,1.87
2017.10.04 11:15:29.832,1.46678,1.46693,1.00,1.50
2017.10.04 11:15:30.304,1.4668,1.46693,1.00,1.31
2017.10.04 11:15:30.826,1.46681,1.46694,1.00,2.25
2017.10.04 11:15:31.471,1.4668,1.46695,1.00,2.44
2017.10.04 11:15:32.635,1.46681,1.46695,1.00,2.44
2017.10.04 11:15:34.446,1.46682,1.46695,1.00,2.25
2017.10.04 11:15:34.768,1.46684,1.46695,1.00,2.25
2017.10.04 11:15:34.819,1.46682,1.46695,1.00,2.25
2017.10.04 11:15:35.804,1.46684,1.46695,1.00,2.25
2017.10.04 11:15:36.229,1.46681,1.46694,1.00,1.12
2017.10.04 11:15:37.748,1.46682,1.46696,1.00,2.00
2017.10.04 11:15:37.799,1.4668,1.46696,1.00,1.62
2017.10.04 11:15:37.852,1.4668,1.46696,1.00,1.31
2017.10.04 11:15:38.158,1.46681,1.46694,1.00,1.00
2017.10.04 11:15:39.561,1.4668,1.46694,1.00,1.00
2017.10.04 11:15:39.917,1.46678,1.46693,1.00,1.00
2017.10.04 11:15:40.548,1.46678,1.46692,1.00,1.00
2017.10.04 11:15:41.542,1.46678,1.46691,1.00,1.00
2017.10.04 11:15:41.691,1.46682,1.46691,1.00,1.00
2017.10.04 11:15:41.744,1.46682,1.46696,1.69,1.00
2017.10.04 11:15:41.795,1.46687,1.46696,1.00,1.00
2017.10.04 11:15:41.949,1.46689,1.46703,1.00,1.69
2017.10.04 11:15:42.358,1.4669,1.46704,1.00,1.12
2017.10.04 11:15:42.766,1.46694,1.46709,1.50,2.25
2017.10.04 11:15:43.030,1.46698,1.46713,1.00,1.00
2017.10.04 11:15:43.336,1.467,1.46714,1.00,1.25
2017.10.04 11:15:44.548,1.46699,1.46712,1.00,1.00
2017.10.04 11:15:45.057,1.46698,1.46712,1.50,1.00
2017.10.04 11:15:45.938,1.46697,1.46712,1.50,1.00
2017.10.04 11:15:46.830,1.46695,1.46706,1.00,1.00
2017.10.04 11:15:46.932,1.46691,1.46706,1.50,1.50
2017.10.04 11:15:47.238,1.46691,1.46704,1.00,1.00
2017.10.04 11:15:50.048,1.46691,1.46706,1.00,2.25
2017.10.04 11:15:50.584,1.4669,1.46706,1.50,2.25
2017.10.04 11:15:51.989,1.4669,1.46704,1.00,1.00
2017.10.04 11:15:52.528,1.46689,1.46705,1.00,1.69
2017.10.04 11:15:53.125,1.4669,1.46705,1.00,1.69
2017.10.04 11:15:53.486,1.4669,1.46705,1.00,2.06
2017.10.04 11:15:56.148,1.46689,1.46704,1.00,1.50
2017.10.04 11:15:56.752,1.4669,1.46704,1.00,1.50
2017.10.04 11:15:57.743,1.46686,1.46701,1.00,1.37
2017.10.04 11:15:57.846,1.46688,1.46701,1.00,1.37
2017.10.04 11:15:57.897,1.46688,1.46701,1.00,1.12
2017.10.04 11:15:59.130,1.46689,1.46702,1.00,1.50
2017.10.04 11:15:59.385,1.4669,1.46703,1.00,1.00
2017.10.04 11:16:00.856,1.4669,1.46704,1.00,1.69
2017.10.04 11:16:03.251,1.46692,1.46706,1.00,1.00
2017.10.04 11:16:03.558,1.46689,1.46699,1.50,1.00
2017.10.04 11:16:03.660,1.46684,1.467,1.75,1.25
2017.10.04 11:16:04.028,1.4669,1.46704,1.00,1.75
2017.10.04 11:16:04.181,1.46693,1.46706,1.50,1.50
2017.10.04 11:16:04.384,1.46694,1.46707,1.00,1.00
2017.10.04 11:16:05.073,1.46695,1.46707,1.00,1.00
2017.10.04 11:16:05.595,1.46695,1.46708,1.00,1.00
2017.10.04 11:16:06.629,1.46695,1.46706,1.00,1.00
2017.10.04 11:16:07.096,1.46693,1.46707,1.00,1.00
2017.10.04 11:16:07.611,1.46694,1.46707,1.00,1.00
2017.10.04 11:16:08.141,1.46698,1.46711,1.00,1.75
2017.10.04 11:16:08.295,1.46696,1.4671,1.00,1.00
2017.10.04 11:16:08.805,1.46695,1.46709,1.00,1.12
2017.10.04 11:16:16.221,1.46696,1.46711,1.00,2.44
2017.10.04 11:16:16.273,1.46698,1.46713,1.00,2.00
2017.10.04 11:16:16.528,1.46703,1.46717,1.00,1.00
2017.10.04 11:16:16.630,1.46703,1.4672,1.00,2.25
2017.10.04 11:16:17.237,1.46702,1.4672,1.87,1.87
2017.10.04 11:16:17.897,1.46702,1.46717,1.00,1.31
2017.10.04 11:16:18.000,1.467,1.46716,1.00,1.81
2017.10.04 11:16:18.104,1.46698,1.46714,1.12,1.12
2017.10.04 11:16:18.723,1.46699,1.46715,1.00,1.69
2017.10.04 11:16:19.244,1.46699,1.46715,1.50,1.69
2017.10.04 11:16:19.754,1.467,1.46716,1.50,1.19
2017.10.04 11:16:20.275,1.46701,1.46718,1.50,1.69
2017.10.04 11:16:20.807,1.46702,1.46718,1.00,1.62
2017.10.04 11:16:22.754,1.46702,1.46718,1.00,1.12
2017.10.04 11:16:23.257,1.46701,1.46717,1.50,1.00
2017.10.04 11:16:23.501,1.46703,1.46719,1.00,1.69
2017.10.04 11:16:24.746,1.46703,1.46719,1.50,1.25
2017.10.04 11:16:27.145,1.46704,1.4672,1.50,1.31
2017.10.04 11:16:27.351,1.46708,1.46725,1.00,2.25
2017.10.04 11:16:28.845,1.46709,1.46724,1.00,1.31
2017.10.04 11:16:29.494,1.46708,1.46722,1.50,1.00
2017.10.04 11:16:29.596,1.46706,1.46722,2.25,1.25
2017.10.04 11:16:30.132,1.46706,1.46722,1.50,1.69
2017.10.04 11:16:32.206,1.46707,1.46723,1.00,2.00
2017.10.04 11:16:32.359,1.46709,1.46725,1.00,1.69
2017.10.04 11:16:32.881,1.46708,1.46723,1.00,1.12
2017.10.04 11:16:33.608,1.46707,1.46723,1.00,1.50
2017.10.04 11:16:33.846,1.46709,1.46723,1.00,1.31
2017.10.04 11:16:37.176,1.46709,1.46722,1.00,1.00
2017.10.04 11:16:37.708,1.46709,1.46722,1.00,1.50
2017.10.04 11:16:38.234,1.46709,1.46722,1.00,1.00
2017.10.04 11:16:38.959,1.46709,1.46724,1.25,2.25
2017.10.04 11:16:42.169,1.46708,1.46723,1.69,1.75
2017.10.04 11:16:42.679,1.46708,1.46724,1.69,1.50
2017.10.04 11:16:43.788,1.46708,1.46724,1.69,1.50
2017.10.04 11:16:45.316,1.46709,1.46724,1.00,1.50
2017.10.04 11:16:47.297,1.4671,1.46726,1.00,1.87
2017.10.04 11:16:47.348,1.4671,1.46726,1.00,1.50
2017.10.04 11:16:52.274,1.4671,1.46724,1.50,1.00
2017.10.04 11:16:52.788,1.4671,1.46726,1.50,1.25
2017.10.04 11:16:52.840,1.46711,1.46723,1.00,1.00
2017.10.04 11:16:52.943,1.46709,1.46723,1.00,1.00
2017.10.04 11:16:53.251,1.46707,1.46723,2.25,1.00
2017.10.04 11:16:53.854,1.46707,1.46722,1.50,1.00
2017.10.04 11:16:54.534,1.46709,1.46723,1.00,1.00
2017.10.04 11:16:55.342,1.46708,1.46723,1.00,1.00
2017.10.04 11:16:55.659,1.46716,1.4673,1.00,1.75
2017.10.04 11:16:55.812,1.46717,1.4673,1.00,1.12
2017.10.04 11:16:56.381,1.46718,1.46731,1.00,1.00
2017.10.04 11:16:56.926,1.46718,1.46732,1.00,1.00
2017.10.04 11:16:57.457,1.46718,1.46733,1.00,1.50
2017.10.04 11:16:57.990,1.46718,1.46733,1.00,1.50
2017.10.04 11:16:59.391,1.46717,1.46732,1.00,1.12
2017.10.04 11:17:00.551,1.46719,1.46732,1.00,1.12
2017.10.04 11:17:01.387,1.46718,1.46732,1.00,1.12
2017.10.04 11:17:02.499,1.46718,1.46732,1.00,1.50
2017.10.04 11:17:03.861,1.46719,1.46735,1.00,2.25
2017.10.04 11:17:03.912,1.4672,1.46735,1.00,1.75
2017.10.04 11:17:04.015,1.4672,1.46735,1.00,1.12
2017.10.04 11:17:04.328,1.46721,1.46737,1.00,3.94
2017.10.04 11:17:04.534,1.46723,1.46737,1.00,1.00
2017.10.04 11:17:05.047,1.46722,1.46737,1.00,1.00
2017.10.04 11:17:05.638,1.46722,1.46738,1.00,1.00
2017.10.04 11:17:06.410,1.46719,1.46732,1.00,1.00
2017.10.04 11:17:06.512,1.46715,1.46731,1.00,1.00
2017.10.04 11:17:06.615,1.46715,1.46731,1.00,2.44
2017.10.04 11:17:07.273,1.46716,1.4673,1.00,1.50
2017.10.04 11:17:07.325,1.46716,1.46731,1.00,1.00
2017.10.04 11:17:08.338,1.46718,1.46733,1.00,1.25
2017.10.04 11:17:08.644,1.46722,1.46736,1.00,1.00
2017.10.04 11:17:08.948,1.46724,1.46738,1.00,1.00
2017.10.04 11:17:09.153,1.46733,1.46748,1.00,1.50
2017.10.04 11:17:09.508,1.46735,1.46749,1.00,1.00
2017.10.04 11:17:09.610,1.46733,1.46749,1.00,1.00
2017.10.04 11:17:09.662,1.46732,1.46747,1.12,1.00
2017.10.04 11:17:10.197,1.46731,1.46747,1.00,1.12
2017.10.04 11:17:11.745,1.46731,1.46746,1.25,1.00
2017.10.04 11:17:12.503,1.46734,1.46749,1.00,1.50
2017.10.04 11:17:12.829,1.46728,1.46745,1.00,1.31
2017.10.04 11:17:13.033,1.46728,1.46742,1.00,1.25
2017.10.04 11:17:13.549,1.46729,1.46744,1.00,1.31
2017.10.04 11:17:14.053,1.46729,1.46742,1.00,1.00
2017.10.04 11:17:14.206,1.46729,1.46744,1.00,1.00
2017.10.04 11:17:14.735,1.46729,1.46743,1.00,1.00
2017.10.04 11:17:15.672,1.4673,1.46743,1.00,1.00
2017.10.04 11:17:16.558,1.46731,1.46743,1.00,1.00
2017.10.04 11:17:16.610,1.46731,1.46745,1.00,1.00
2017.10.04 11:17:17.625,1.46733,1.46745,1.00,1.00
2017.10.04 11:17:18.533,1.46736,1.46745,1.00,1.00
2017.10.04 11:17:19.357,1.46734,1.46745,1.00,1.00
2017.10.04 11:17:20.686,1.46736,1.46745,1.00,1.00
2017.10.04 11:17:20.737,1.46738,1.46748,1.00,1.00
2017.10.04 11:17:20.788,1.4674,1.4675,1.00,1.50
2017.10.04 11:17:21.297,1.4674,1.46751,1.00,1.25
2017.10.04 11:17:21.752,1.46739,1.46749,1.00,1.00
2017.10.04 11:17:22.263,1.4674,1.46749,1.00,1.00
2017.10.04 11:17:22.365,1.46736,1.46747,1.50,1.00
2017.10.04 11:17:22.417,1.46738,1.46747,1.00,1.00
2017.10.04 11:17:22.789,1.46739,1.46749,1.00,1.00
2017.10.04 11:17:23.298,1.46739,1.4675,1.00,1.25
2017.10.04 11:17:23.807,1.4674,1.4675,1.00,1.00
2017.10.04 11:17:26.324,1.4674,1.46752,1.00,1.50
2017.10.04 11:17:28.629,1.46738,1.4675,1.00,1.00
2017.10.04 11:17:28.681,1.4674,1.46751,1.00,1.12
2017.10.04 11:17:32.213,1.46736,1.46747,1.00,1.00
2017.10.04 11:17:32.573,1.46737,1.46749,1.00,1.25
2017.10.04 11:17:32.895,1.4674,1.4675,1.00,1.19
2017.10.04 11:17:32.998,1.46741,1.46753,1.00,1.69
2017.10.04 11:17:33.050,1.46739,1.46753,1.00,1.50
2017.10.04 11:17:33.254,1.46737,1.46751,1.00,1.00
2017.10.04 11:17:33.459,1.4674,1.46752,1.00,1.25
2017.10.04 11:17:33.978,1.4674,1.46751,1.00,1.25
2017.10.04 11:17:34.295,1.46739,1.46749,1.00,1.00
2017.10.04 11:17:35.670,1.46738,1.46749,1.00,1.00
2017.10.04 11:17:37.117,1.46736,1.46748,1.00,1.00
2017.10.04 11:17:37.838,1.46738,1.46749,1.00,1.00
2017.10.04 11:17:38.489,1.46739,1.46752,1.00,1.19
2017.10.04 11:17:38.796,1.46731,1.46743,2.25,1.00
2017.10.04 11:17:38.899,1.46727,1.46741,1.50,1.25
2017.10.04 11:17:39.433,1.46727,1.4674,1.00,1.25
2017.10.04 11:17:39.943,1.46728,1.4674,1.00,1.25
2017.10.04 11:17:40.045,1.4673,1.46742,1.00,1.50
2017.10.04 11:17:40.096,1.46731,1.46743,1.00,1.69
2017.10.04 11:17:40.249,1.46733,1.46743,1.00,1.25
2017.10.04 11:17:40.352,1.46733,1.46745,1.00,1.31
2017.10.04 11:17:40.656,1.46735,1.46747,1.00,2.44
2017.10.04 11:17:41.319,1.46736,1.46745,1.00,1.00
2017.10.04 11:17:41.827,1.46735,1.46746,1.00,1.00
2017.10.04 11:17:48.116,1.46738,1.46749,1.00,1.31
2017.10.04 11:17:48.430,1.46741,1.46751,1.00,1.12
2017.10.04 11:17:48.943,1.46741,1.46752,1.00,1.25
2017.10.04 11:17:53.262,1.46741,1.46751,1.00,1.00
2017.10.04 11:17:53.628,1.46739,1.46749,1.00,1.00
2017.10.04 11:17:53.782,1.4674,1.46752,1.00,1.50
2017.10.04 11:17:54.291,1.46739,1.46751,1.00,1.00
2017.10.04 11:17:55.297,1.4674,1.46751,1.00,1.25
2017.10.04 11:17:55.399,1.46742,1.46753,1.00,1.00
2017.10.04 11:17:55.451,1.46743,1.46755,1.00,1.50
2017.10.04 11:17:55.707,1.46742,1.46752,1.00,1.00
2017.10.04 11:17:56.251,1.46741,1.46752,1.00,1.00
2017.10.04 11:17:56.355,1.46742,1.46755,1.00,2.25
2017.10.04 11:17:56.408,1.46744,1.46755,1.00,1.12
2017.10.04 11:17:56.561,1.46745,1.46757,1.00,1.00
2017.10.04 11:17:57.157,1.46746,1.46757,1.00,1.00
2017.10.04 11:17:57.927,1.46745,1.46757,1.00,1.00
2017.10.04 11:18:00.118,1.46746,1.46757,1.00,1.00
2017.10.04 11:18:00.271,1.46743,1.46758,1.00,1.00
2017.10.04 11:18:00.505,1.46741,1.46757,1.87,1.00
2017.10.04 11:18:01.032,1.46746,1.46757,1.00,1.00
2017.10.04 11:18:01.085,1.46746,1.46762,1.00,2.00
2017.10.04 11:18:01.606,1.46745,1.4676,1.00,1.25
2017.10.04 11:18:02.190,1.46744,1.46759,1.12,1.00
2017.10.04 11:18:02.725,1.46744,1.46758,1.12,1.00
2017.10.04 11:18:03.457,1.46744,1.4676,1.12,1.25
2017.10.04 11:18:03.559,1.46746,1.46759,1.50,1.00
2017.10.04 11:18:04.035,1.46744,1.4676,2.25,1.00
2017.10.04 11:18:04.610,1.46744,1.46759,1.12,1.00
2017.10.04 11:18:05.256,1.46743,1.46758,1.50,1.00
2017.10.04 11:18:05.412,1.46742,1.46756,3.00,1.00
2017.10.04 11:18:05.565,1.46742,1.46758,1.50,1.00
2017.10.04 11:18:06.108,1.46743,1.46758,1.00,1.00
2017.10.04 11:18:07.073,1.46742,1.46757,1.00,1.00
2017.10.04 11:18:07.330,1.46742,1.46753,1.00,1.00
2017.10.04 11:18:07.383,1.46738,1.46753,1.12,1.00
2017.10.04 11:18:07.888,1.46737,1.46753,1.00,1.50
2017.10.04 11:18:10.024,1.46735,1.46751,1.00,1.00
2017.10.04 11:18:10.533,1.46734,1.46748,1.00,1.00
2017.10.04 11:18:11.081,1.46733,1.46748,1.00,1.50
2017.10.04 11:18:12.570,1.46734,1.46749,1.00,2.44
2017.10.04 11:18:12.778,1.46734,1.46749,1.00,1.00
2017.10.04 11:18:13.134,1.46736,1.46751,1.00,1.12
2017.10.04 11:18:13.775,1.46735,1.46751,1.00,1.12
2017.10.04 11:18:14.581,1.46735,1.4675,1.00,1.00
2017.10.04 11:18:15.094,1.46736,1.46752,1.00,1.87
2017.10.04 11:18:16.082,1.46735,1.4675,1.00,1.50
2017.10.04 11:18:16.617,1.46735,1.4675,1.00,2.25
2017.10.04 11:18:17.155,1.46734,1.46751,1.00,3.19
2017.10.04 11:18:19.253,1.46735,1.4675,1.00,1.12
2017.10.04 11:18:19.305,1.46733,1.46749,1.12,1.12
2017.10.04 11:18:20.593,1.46732,1.46747,1.00,1.00
2017.10.04 11:18:23.827,1.46737,1.46753,1.00,5.44
2017.10.04 11:18:23.930,1.46736,1.46752,1.25,1.00
2017.10.04 11:18:24.460,1.46737,1.46753,1.00,1.12
2017.10.04 11:18:26.316,1.46738,1.46753,1.00,1.12
2017.10.04 11:18:28.199,1.46738,1.46752,1.00,1.00
2017.10.04 11:18:29.982,1.46737,1.46752,1.00,1.00
2017.10.04 11:18:30.643,1.46737,1.46753,1.00,1.12
2017.10.04 11:18:34.456,1.46737,1.46752,1.00,1.00
2017.10.04 11:18:35.927,1.46738,1.46755,1.50,1.50
2017.10.04 11:18:35.978,1.46743,1.46758,1.00,1.75
2017.10.04 11:18:36.132,1.46746,1.46761,1.00,1.00
2017.10.04 11:18:36.234,1.46745,1.46759,1.00,1.00
2017.10.04 11:18:38.114,1.46743,1.46759,2.25,1.00
2017.10.04 11:18:40.145,1.46746,1.4676,1.00,1.31
2017.10.04 11:18:40.548,1.46746,1.46762,1.00,1.00
2017.10.04 11:18:41.826,1.46744,1.4676,1.25,1.12
2017.10.04 11:18:42.307,1.46743,1.4676,3.00,2.06
2017.10.04 11:18:42.608,1.46745,1.4676,1.00,1.50
2017.10.04 11:18:42.762,1.46741,1.46758,2.25,1.25
2017.10.04 11:18:43.015,1.46743,1.46758,1.00,1.25
2017.10.04 11:18:43.520,1.46744,1.46759,1.00,1.00
2017.10.04 11:18:44.622,1.46742,1.46759,1.12,1.12
2017.10.04 11:18:44.673,1.46742,1.46757,1.00,1.00
2017.10.04 11:18:46.211,1.46743,1.46757,1.00,1.00
2017.10.04 11:18:46.816,1.46743,1.46758,1.00,1.00
2017.10.04 11:18:49.088,1.4674,1.46756,1.31,1.00
2017.10.04 11:18:49.293,1.46739,1.46753,1.00,1.00
2017.10.04 11:18:49.600,1.46739,1.46755,1.00,1.25
2017.10.04 11:18:49.900,1.46741,1.46756,1.00,1.25
2017.10.04 11:18:50.002,1.46739,1.46756,1.00,1.25
2017.10.04 11:18:51.447,1.46741,1.46758,1.00,2.44
2017.10.04 11:18:52.253,1.4674,1.46756,1.69,1.00
2017.10.04 11:18:53.261,1.46741,1.46758,1.12,1.25
2017.10.04 11:18:55.746,1.4674,1.46757,1.50,1.00
2017.10.04 11:18:56.281,1.46739,1.46756,2.25,1.00
2017.10.04 11:18:56.461,1.46739,1.46756,1.50,1.00
2017.10.04 11:18:57.311,1.46738,1.46756,1.12,1.25
2017.10.04 11:18:57.426,1.46736,1.46752,2.25,1.54
2017.10.04 11:18:57.681,1.46733,1.46749,1.00,1.25
2017.10.04 11:18:58.044,1.46733,1.46745,1.00,1.00
2017.10.04 11:18:58.349,1.46733,1.46747,1.00,1.31
2017.10.04 11:18:58.401,1.4673,1.46747,1.00,1.31
2017.10.04 11:18:59.363,1.4673,1.46747,1.12,1.19
2017.10.04 11:19:00.135,1.46732,1.46748,1.00,1.69
2017.10.04 11:19:01.729,1.46734,1.46751,1.50,1.87
2017.10.04 11:19:01.832,1.46738,1.46753,1.00,2.00
2017.10.04 11:19:01.985,1.4674,1.46753,1.00,1.00
2017.10.04 11:19:02.240,1.4674,1.46755,1.00,1.12
2017.10.04 11:19:02.762,1.46741,1.46755,1.00,1.37
2017.10.04 11:19:03.848,1.46742,1.46756,1.00,1.37
2017.10.04 11:19:04.358,1.46741,1.46756,1.00,2.25
2017.10.04 11:19:04.888,1.46741,1.46756,1.00,2.06
2017.10.04 11:19:05.767,1.4674,1.46757,1.00,1.69
2017.10.04 11:19:07.624,1.46739,1.46757,2.25,1.69
2017.10.04 11:19:10.279,1.46741,1.46759,1.00,2.06
2017.10.04 11:19:10.587,1.46743,1.46761,1.87,2.06
2017.10.04 11:19:11.534,1.46743,1.46761,1.87,1.19
2017.10.04 11:19:14.139,1.46744,1.4676,1.00,1.25
2017.10.04 11:19:14.294,1.46746,1.4676,1.00,1.25
2017.10.04 11:19:14.836,1.46744,1.4676,1.50,1.25
2017.10.04 11:19:15.125,1.46743,1.4676,1.00,1.25
2017.10.04 11:19:15.770,1.46743,1.4676,1.00,1.37
2017.10.04 11:19:15.873,1.46742,1.46759,1.50,1.56
2017.10.04 11:19:16.179,1.46744,1.4676,1.00,1.87
2017.10.04 11:19:16.692,1.46743,1.46758,1.00,1.31
2017.10.04 11:19:18.339,1.46742,1.46758,1.00,1.25
2017.10.04 11:19:19.370,1.46742,1.46757,1.50,1.12
2017.10.04 11:19:22.615,1.46743,1.46759,1.00,2.44
2017.10.04 11:19:23.194,1.46742,1.46758,1.00,1.12
2017.10.04 11:19:23.501,1.46737,1.46753,1.00,2.06
2017.10.04 11:19:23.756,1.46737,1.46754,1.31,1.00
2017.10.04 11:19:25.963,1.46737,1.46754,1.25,1.37
2017.10.04 11:19:28.533,1.46739,1.46754,1.00,1.50
2017.10.04 11:19:28.736,1.46741,1.46759,1.25,3.37
2017.10.04 11:19:28.890,1.46739,1.46756,1.12,1.87
2017.10.04 11:19:29.400,1.46739,1.46756,1.50,2.00
2017.10.04 11:19:29.923,1.46739,1.46756,1.50,1.69
2017.10.04 11:19:30.475,1.46741,1.46757,1.00,2.00
2017.10.04 11:19:30.884,1.46743,1.46759,1.50,1.75
2017.10.04 11:19:31.038,1.46743,1.4676,1.50,1.75
2017.10.04 11:19:31.141,1.46743,1.46761,1.50,3.00
2017.10.04 11:19:31.435,1.46745,1.4676,1.00,1.12
2017.10.04 11:19:31.538,1.46746,1.46764,2.25,2.44
2017.10.04 11:19:32.083,1.46746,1.46762,2.25,1.50
2017.10.04 11:19:34.197,1.46744,1.4676,1.50,1.00
2017.10.04 11:19:34.301,1.46745,1.46761,1.00,1.37
2017.10.04 11:19:34.653,1.46745,1.46761,1.00,1.12
2017.10.04 11:19:35.161,1.46745,1.4676,1.00,1.00
2017.10.04 11:19:35.665,1.46745,1.4676,1.00,1.50
2017.10.04 11:19:37.342,1.46746,1.4676,1.00,1.50
2017.10.04 11:19:37.846,1.46745,1.4676,1.00,1.50
2017.10.04 11:19:41.276,1.46746,1.4676,1.00,1.50
2017.10.04 11:19:41.847,1.46745,1.4676,1.00,1.50
2017.10.04 11:19:42.225,1.46743,1.46759,1.00,1.12
2017.10.04 11:19:42.328,1.46745,1.46759,1.00,1.50
2017.10.04 11:19:42.634,1.46743,1.46759,1.00,2.25
2017.10.04 11:19:42.904,1.46748,1.46763,1.00,1.69
2017.10.04 11:19:43.414,1.46747,1.46763,1.00,1.12
2017.10.04 11:19:43.932,1.46746,1.46763,1.00,1.00
2017.10.04 11:19:44.430,1.46746,1.46762,1.00,1.37
2017.10.04 11:19:45.002,1.46746,1.46758,1.00,1.00
2017.10.04 11:19:45.054,1.46742,1.46758,1.50,2.44
2017.10.04 11:19:45.156,1.46741,1.46758,1.50,3.19
2017.10.04 11:19:45.411,1.46743,1.46757,1.00,1.87
2017.10.04 11:19:45.718,1.46746,1.4676,1.00,2.44
2017.10.04 11:19:46.005,1.46742,1.46757,1.25,1.12
2017.10.04 11:19:46.488,1.46746,1.46761,1.00,2.00
2017.10.04 11:19:46.999,1.46747,1.46761,1.00,2.00
2017.10.04 11:19:47.676,1.46746,1.46763,1.00,1.94
2017.10.04 11:19:47.778,1.46747,1.46763,1.00,1.12
2017.10.04 11:19:48.306,1.46748,1.46765,1.00,1.69
2017.10.04 11:19:48.357,1.46746,1.46765,1.87,1.69
2017.10.04 11:19:48.612,1.46746,1.46761,1.00,1.00
2017.10.04 11:19:48.715,1.46743,1.46759,1.12,1.31
2017.10.04 11:19:49.241,1.46743,1.4676,1.00,2.62
2017.10.04 11:19:49.548,1.46743,1.46761,1.69,2.25
2017.10.04 11:19:49.855,1.4674,1.46756,1.37,1.00
2017.10.04 11:19:49.907,1.4674,1.46756,1.00,1.00
2017.10.04 11:19:50.439,1.4674,1.46755,1.00,1.25
2017.10.04 11:19:51.050,1.4674,1.46756,1.00,1.44
2017.10.04 11:19:51.342,1.46738,1.46754,1.00,1.50
2017.10.04 11:19:53.034,1.46738,1.46754,1.00,1.19
2017.10.04 11:19:53.339,1.46738,1.46755,1.25,2.25
2017.10.04 11:19:53.441,1.46738,1.46755,1.25,1.87
2017.10.04 11:19:53.975,1.46738,1.46755,1.25,1.50
2017.10.04 11:19:54.303,1.4674,1.46755,1.00,1.50
2017.10.04 11:19:56.300,1.46741,1.46757,1.69,1.75
2017.10.04 11:19:56.403,1.46743,1.46757,1.00,1.00
2017.10.04 11:19:56.760,1.46746,1.46763,1.00,1.75
2017.10.04 11:19:56.812,1.46747,1.46764,1.85,1.75
2017.10.04 11:19:57.118,1.46752,1.46766,1.00,1.87
2017.10.04 11:19:57.686,1.4675,1.46764,1.25,1.00
2017.10.04 11:20:00.319,1.46749,1.46763,1.50,1.00
2017.10.04 11:20:00.626,1.46746,1.46759,1.00,1.00
2017.10.04 11:20:01.037,1.46743,1.46757,1.00,1.19
2017.10.04 11:20:01.871,1.46742,1.46757,1.00,1.19
2017.10.04 11:20:02.259,1.46742,1.46752,1.00,1.19
2017.10.04 11:20:02.539,1.46737,1.46747,1.00,1.25
2017.10.04 11:20:02.590,1.46737,1.4675,1.00,1.19
2017.10.04 11:20:02.999,1.46734,1.4675,2.25,1.19
2017.10.04 11:20:03.470,1.46737,1.46751,1.00,1.19
2017.10.04 11:20:03.985,1.46736,1.46752,1.50,1.25
2017.10.04 11:20:04.138,1.46738,1.46753,1.37,1.00
2017.10.04 11:20:04.663,1.46738,1.46753,1.00,1.00
2017.10.04 11:20:05.256,1.4674,1.46753,1.00,1.00
2017.10.04 11:20:06.003,1.4674,1.46754,1.00,1.00
2017.10.04 11:20:06.511,1.46741,1.46754,1.00,1.00
2017.10.04 11:20:10.038,1.4674,1.46754,1.00,1.00
2017.10.04 11:20:11.082,1.46744,1.46759,1.00,2.25
2017.10.04 11:20:11.184,1.46744,1.46759,1.00,1.87
2017.10.04 11:20:11.717,1.46743,1.46758,1.00,1.12
2017.10.04 11:20:12.442,1.46744,1.46759,1.00,2.25
2017.10.04 11:20:12.960,1.46744,1.4676,1.00,1.62
2017.10.04 11:20:13.465,1.46745,1.4676,1.00,1.00
2017.10.04 11:20:14.006,1.46744,1.4676,1.50,1.00
2017.10.04 11:20:14.536,1.46745,1.4676,1.00,1.00
2017.10.04 11:20:17.251,1.46745,1.4676,1.00,1.19
2017.10.04 11:20:19.554,1.46745,1.4676,1.00,1.25
2017.10.04 11:20:19.814,1.46745,1.4676,1.00,1.87
2017.10.04 11:20:19.967,1.46742,1.46757,1.50,1.19
2017.10.04 11:20:21.067,1.46742,1.46757,1.50,1.31
2017.10.04 11:20:21.617,1.46742,1.46757,1.00,1.31
2017.10.04 11:20:22.127,1.46743,1.46757,1.00,1.25
2017.10.04 11:20:26.592,1.46742,1.46757,1.50,1.00
2017.10.04 11:20:26.907,1.46745,1.46759,1.00,1.19
2017.10.04 11:20:26.959,1.46743,1.46758,1.00,1.25
2017.10.04 11:20:27.179,1.46743,1.46757,1.00,1.19
2017.10.04 11:20:27.281,1.46739,1.46753,1.50,1.00
2017.10.04 11:20:27.790,1.46738,1.46752,1.50,1.12
2017.10.04 11:20:28.081,1.4674,1.46755,1.00,1.75
2017.10.04 11:20:28.132,1.4674,1.46754,1.00,1.00
2017.10.04 11:20:28.366,1.46738,1.46755,1.00,1.00
2017.10.04 11:20:28.877,1.46739,1.46755,1.00,1.00
2017.10.04 11:20:29.357,1.46741,1.46756,1.00,1.94
2017.10.04 11:20:29.460,1.46742,1.46756,1.00,1.00
2017.10.04 11:20:29.511,1.46742,1.46756,1.00,1.37
2017.10.04 11:20:29.664,1.46744,1.46757,1.00,1.12
2017.10.04 11:20:30.173,1.46743,1.46759,1.00,1.50
2017.10.04 11:20:30.701,1.46744,1.4676,1.00,2.25
2017.10.04 11:20:31.330,1.46744,1.4676,1.00,3.00
2017.10.04 11:20:31.831,1.46744,1.46758,1.00,1.56
2017.10.04 11:20:31.883,1.4674,1.46755,1.50,1.25
2017.10.04 11:20:32.266,1.46738,1.46755,1.50,1.00
2017.10.04 11:20:32.318,1.46738,1.46755,1.87,1.19
2017.10.04 11:20:32.624,1.46738,1.46755,3.00,1.31
2017.10.04 11:20:33.243,1.46738,1.46756,3.37,1.56
2017.10.04 11:20:34.924,1.46738,1.46755,1.87,1.19
2017.10.04 11:20:35.223,1.4674,1.46757,1.00,1.19
2017.10.04 11:20:35.274,1.4674,1.46758,1.00,3.00
2017.10.04 11:20:35.326,1.46741,1.46758,1.12,2.06
2017.10.04 11:20:35.377,1.46743,1.46758,1.00,1.00
2017.10.04 11:20:35.582,1.46745,1.46762,1.00,1.25
2017.10.04 11:20:35.938,1.46744,1.46761,1.50,1.37
2017.10.04 11:20:36.553,1.46744,1.46759,1.50,1.00
2017.10.04 11:20:36.706,1.46741,1.46758,3.00,1.00
2017.10.04 11:20:37.218,1.46742,1.46757,1.00,1.25
2017.10.04 11:20:38.017,1.46742,1.46757,1.00,1.87
2017.10.04 11:20:38.536,1.46742,1.4676,1.69,1.75
2017.10.04 11:20:38.588,1.46743,1.46759,1.00,1.25
2017.10.04 11:20:39.109,1.46742,1.46759,1.25,1.00
2017.10.04 11:20:39.429,1.46742,1.46759,1.25,1.50
2017.10.04 11:20:43.842,1.46742,1.4676,1.50,1.69
2017.10.04 11:20:44.051,1.46744,1.46762,1.12,1.25
2017.10.04 11:20:44.560,1.46745,1.46762,1.37,1.25
2017.10.04 11:20:51.979,1.46744,1.4676,1.37,1.19
2017.10.04 11:20:52.284,1.46744,1.46761,1.00,1.00
2017.10.04 11:20:52.335,1.46746,1.46763,1.00,1.69
2017.10.04 11:20:52.682,1.46748,1.46764,1.00,1.25
2017.10.04 11:20:53.955,1.46749,1.46765,1.00,1.31
2017.10.04 11:20:55.528,1.46749,1.46763,1.00,1.00
2017.10.04 11:20:55.794,1.46744,1.46763,1.50,3.19
2017.10.04 11:20:56.305,1.46744,1.46759,1.50,1.00
2017.10.04 11:20:57.359,1.46743,1.46758,1.75,1.00
2017.10.04 11:20:57.411,1.46743,1.46758,1.00,1.00
2017.10.04 11:20:57.718,1.46743,1.46758,2.25,1.00
2017.10.04 11:20:58.166,1.46739,1.46753,2.25,1.00
2017.10.04 11:20:58.218,1.46739,1.46753,1.75,1.00
2017.10.04 11:20:58.321,1.46737,1.46753,1.00,1.00
2017.10.04 11:20:59.253,1.46739,1.46755,1.25,1.00
2017.10.04 11:20:59.305,1.4674,1.46758,2.25,1.87
2017.10.04 11:20:59.407,1.4674,1.46758,3.19,1.25
2017.10.04 11:21:00.620,1.4674,1.46756,2.44,1.50
2017.10.04 11:21:00.723,1.46737,1.46755,1.87,2.06
2017.10.04 11:21:01.729,1.46737,1.46754,1.12,1.19
2017.10.04 11:21:02.469,1.46738,1.46754,1.00,2.25
2017.10.04 11:21:02.978,1.46738,1.46753,1.00,1.25
2017.10.04 11:21:04.050,1.46738,1.46754,1.00,1.31
2017.10.04 11:21:06.374,1.46739,1.46755,1.00,2.06
2017.10.04 11:21:06.512,1.46739,1.46756,1.00,2.06
2017.10.04 11:21:06.768,1.46739,1.46755,1.12,1.69
2017.10.04 11:21:07.321,1.46738,1.46754,1.12,1.69
2017.10.04 11:21:09.662,1.4674,1.46756,1.00,2.44
2017.10.04 11:21:09.764,1.4674,1.46756,1.00,1.00
2017.10.04 11:21:09.816,1.46739,1.46756,2.62,1.00
2017.10.04 11:21:10.082,1.46737,1.46752,1.50,1.25
2017.10.04 11:21:11.371,1.46737,1.46751,1.00,1.00
2017.10.04 11:21:11.473,1.46735,1.46751,1.00,1.00
2017.10.04 11:21:11.988,1.46735,1.46752,1.00,1.00
2017.10.04 11:21:12.568,1.46735,1.46751,1.00,1.00
2017.10.04 11:21:13.110,1.46735,1.4675,1.00,1.00
2017.10.04 11:21:13.759,1.46734,1.4675,1.00,1.00
2017.10.04 11:21:14.327,1.46733,1.4675,1.50,1.25
2017.10.04 11:21:15.740,1.46733,1.4675,1.50,1.69
2017.10.04 11:21:21.121,1.46736,1.4675,1.00,1.69
2017.10.04 11:21:21.329,1.46736,1.46752,1.50,1.00
2017.10.04 11:21:21.380,1.46736,1.46752,2.25,1.00
2017.10.04 11:21:21.943,1.46736,1.46751,2.25,1.00
2017.10.04 11:21:22.096,1.46734,1.46751,2.06,1.00
2017.10.04 11:21:22.983,1.46734,1.4675,1.12,1.00
2017.10.04 11:21:23.489,1.46733,1.4675,1.69,1.12
2017.10.04 11:21:24.085,1.46735,1.4675,1.00,1.12
2017.10.04 11:21:24.596,1.46734,1.4675,1.25,1.12
2017.10.04 11:21:24.912,1.46731,1.46749,1.50,2.06
2017.10.04 11:21:25.015,1.4673,1.46748,2.62,1.69
2017.10.04 11:21:25.537,1.4673,1.46747,1.50,2.44
2017.10.04 11:21:25.872,1.46727,1.46744,1.00,2.81
2017.10.04 11:21:28.288,1.46727,1.46745,1.00,3.37
2017.10.04 11:21:28.615,1.46729,1.46745,1.00,1.50
2017.10.04 11:21:29.074,1.46727,1.46743,1.69,1.00
2017.10.04 11:21:29.622,1.46727,1.46742,1.00,1.69
2017.10.04 11:21:30.511,1.46725,1.46743,1.00,2.44
2017.10.04 11:21:31.157,1.46725,1.46743,2.25,1.69
2017.10.04 11:21:31.707,1.46726,1.46744,1.12,2.81
2017.10.04 11:21:34.179,1.46726,1.46744,1.87,2.06
2017.10.04 11:21:34.599,1.46727,1.46744,1.50,1.69
2017.10.04 11:21:35.439,1.46729,1.46744,1.00,1.50
2017.10.04 11:21:38.606,1.46729,1.46745,1.00,1.00
2017.10.04 11:21:41.543,1.46729,1.46744,1.00,1.00
2017.10.04 11:21:42.262,1.46729,1.46746,1.00,1.31
2017.10.04 11:21:42.826,1.46729,1.46745,1.00,1.00
2017.10.04 11:21:43.348,1.46729,1.46746,1.00,1.31
2017.10.04 11:21:44.238,1.4673,1.46746,1.00,1.12
2017.10.04 11:21:44.851,1.46729,1.46746,1.00,1.12
2017.10.04 11:21:46.895,1.46731,1.46747,1.00,1.69
2017.10.04 11:21:47.833,1.46735,1.46751,1.25,1.75
2017.10.04 11:21:48.037,1.46738,1.46753,1.00,1.12
2017.10.04 11:21:48.593,1.46738,1.46755,1.00,2.06
2017.10.04 11:21:49.117,1.46739,1.46755,1.12,1.25
2017.10.04 11:21:50.230,1.4674,1.46755,1.00,1.12
2017.10.04 11:21:52.027,1.4674,1.46758,1.69,1.69
2017.10.04 11:21:52.079,1.46746,1.46758,1.00,1.00
2017.10.04 11:21:52.132,1.46746,1.4676,1.00,1.00
2017.10.04 11:21:52.868,1.46746,1.46761,1.00,1.00
2017.10.04 11:21:52.971,1.46748,1.46764,1.00,1.69
2017.10.04 11:21:53.149,1.46749,1.46765,1.00,2.06
2017.10.04 11:21:54.104,1.46749,1.46765,1.00,1.19
2017.10.04 11:21:54.156,1.46749,1.46765,1.00,1.25
2017.10.04 11:21:59.201,1.46747,1.46757,1.12,1.00
2017.10.04 11:21:59.458,1.46741,1.46757,1.50,1.12
2017.10.04 11:22:00.034,1.46741,1.46758,1.50,1.12
2017.10.04 11:22:00.633,1.46742,1.46758,1.50,1.00
2017.10.04 11:22:01.150,1.46742,1.46759,1.50,1.12
2017.10.04 11:22:01.701,1.46743,1.46759,1.50,1.12
2017.10.04 11:22:01.854,1.46746,1.46761,1.00,2.00
2017.10.04 11:22:01.905,1.46744,1.46761,1.69,1.75
2017.10.04 11:22:01.957,1.46745,1.46761,1.00,1.31
2017.10.04 11:22:02.520,1.46744,1.46761,1.87,1.25
2017.10.04 11:22:03.032,1.46744,1.46764,3.56,2.44
2017.10.04 11:22:03.206,1.46747,1.46764,1.00,1.19
2017.10.04 11:22:03.564,1.46745,1.46761,1.12,1.25
2017.10.04 11:22:03.615,1.46747,1.46761,1.00,1.25
2017.10.04 11:22:04.186,1.46747,1.46764,1.50,1.87
2017.10.04 11:22:04.659,1.46747,1.46764,1.50,1.12
2017.10.04 11:22:05.596,1.46746,1.4676,1.12,1.19
2017.10.04 11:22:05.648,1.46744,1.4676,2.25,1.19
2017.10.04 11:22:06.260,1.46744,1.46759,1.00,1.31
2017.10.04 11:22:07.364,1.46744,1.46759,1.00,1.31
2017.10.04 11:22:07.618,1.46742,1.46759,1.00,1.31
2017.10.04 11:22:08.166,1.46741,1.46759,2.25,1.31
2017.10.04 11:22:09.108,1.46743,1.4676,1.00,1.50
2017.10.04 11:22:09.261,1.46743,1.46761,1.12,1.31
2017.10.04 11:22:09.786,1.46744,1.46761,1.50,1.31
2017.10.04 11:22:10.436,1.46745,1.46761,1.00,1.31
2017.10.04 11:22:10.864,1.46743,1.46758,1.12,1.25
2017.10.04 11:22:11.169,1.46742,1.46756,1.00,1.00
2017.10.04 11:22:11.526,1.4674,1.46756,1.87,1.00
2017.10.04 11:22:12.042,1.46741,1.46755,1.00,1.00
2017.10.04 11:22:12.557,1.46739,1.46754,1.12,1.00
2017.10.04 11:22:16.736,1.46739,1.46755,1.50,1.00
2017.10.04 11:22:18.907,1.46739,1.46755,1.50,1.19
2017.10.04 11:22:19.566,1.46739,1.46753,2.25,1.25
2017.10.04 11:22:22.083,1.46742,1.46758,1.00,1.19
2017.10.04 11:22:22.213,1.46743,1.46759,1.50,1.69
2017.10.04 11:22:22.730,1.46744,1.4676,2.25,1.31
2017.10.04 11:22:23.341,1.46744,1.4676,2.25,1.19
2017.10.04 11:22:31.277,1.46745,1.46754,1.12,1.00
2017.10.04 11:22:31.533,1.46739,1.46752,1.00,1.00
2017.10.04 11:22:32.044,1.46738,1.46752,1.00,1.00
2017.10.04 11:22:32.563,1.46737,1.46752,1.12,1.00
2017.10.04 11:22:32.724,1.46737,1.4675,1.00,1.50
2017.10.04 11:22:32.835,1.46735,1.46751,1.00,1.87
2017.10.04 11:22:33.515,1.46736,1.46751,1.00,1.12
2017.10.04 11:22:33.871,1.46738,1.46753,1.00,1.69
2017.10.04 11:22:34.404,1.46737,1.46752,1.00,1.31
2017.10.04 11:22:34.937,1.46738,1.46753,1.00,2.44
2017.10.04 11:22:35.254,1.4674,1.46757,1.00,2.81
2017.10.04 11:22:35.764,1.46741,1.46757,1.00,1.31
2017.10.04 11:22:36.892,1.46741,1.46757,1.12,1.19
2017.10.04 11:22:37.096,1.46743,1.46755,1.00,1.50
2017.10.04 11:22:37.339,1.4674,1.46753,1.00,1.69
2017.10.04 11:22:37.543,1.46738,1.46753,1.00,1.69
2017.10.04 11:22:40.010,1.46739,1.46754,1.00,1.25
2017.10.04 11:22:40.552,1.4674,1.46755,1.00,1.00
2017.10.04 11:22:41.100,1.4674,1.46754,1.00,1.12
2017.10.04 11:22:41.456,1.46738,1.46752,1.00,1.00
2017.10.04 11:22:41.984,1.46739,1.46753,1.00,1.00
2017.10.04 11:22:42.493,1.46739,1.46752,1.00,1.00
2017.10.04 11:22:43.043,1.46739,1.46753,1.00,1.69
2017.10.04 11:22:43.559,1.46739,1.46752,1.00,1.00
2017.10.04 11:22:44.097,1.46738,1.46751,1.00,1.00
2017.10.04 11:22:44.702,1.46738,1.46752,1.00,1.00
2017.10.04 11:22:45.413,1.46737,1.46752,1.00,1.69
2017.10.04 11:22:46.950,1.46738,1.46752,1.00,1.25
2017.10.04 11:22:47.512,1.46738,1.46753,1.00,1.25
2017.10.04 11:22:48.757,1.4674,1.46755,1.69,1.50
2017.10.04 11:22:48.860,1.46741,1.46758,2.06,1.00
2017.10.04 11:22:48.963,1.46745,1.46758,1.00,1.00
2017.10.04 11:22:49.471,1.46745,1.46759,1.00,1.00
2017.10.04 11:22:49.686,1.46745,1.46761,1.00,1.12
2017.10.04 11:22:50.209,1.46746,1.46761,1.12,1.00
2017.10.04 11:22:51.211,1.46746,1.46762,1.12,1.87
2017.10.04 11:22:52.834,1.46746,1.46761,1.12,1.00
2017.10.04 11:22:53.344,1.46746,1.46762,1.12,1.87
2017.10.04 11:22:54.125,1.46753,1.46764,1.00,1.12
2017.10.04 11:22:54.177,1.46753,1.46767,1.00,1.12
2017.10.04 11:22:54.390,1.46751,1.46767,1.00,1.50
2017.10.04 11:22:54.544,1.46751,1.46762,1.00,1.00
2017.10.04 11:22:54.596,1.46746,1.46762,2.44,1.00
2017.10.04 11:22:54.698,1.46746,1.46762,1.25,1.50
2017.10.04 11:22:55.014,1.46746,1.46766,1.69,4.69
2017.10.04 11:22:55.167,1.46751,1.46767,1.00,1.50
2017.10.04 11:22:55.321,1.46753,1.46767,1.25,1.00
2017.10.04 11:22:55.372,1.46753,1.4677,1.25,1.69
2017.10.04 11:22:55.729,1.46751,1.46768,1.31,1.50
2017.10.04 11:22:56.077,1.46751,1.46766,1.31,1.00
2017.10.04 11:22:56.613,1.46751,1.46768,1.31,1.00
2017.10.04 11:22:57.122,1.46751,1.46767,1.31,1.00
2017.10.04 11:22:57.714,1.46751,1.46769,1.87,1.31
2017.10.04 11:22:57.867,1.46752,1.46771,1.19,3.19
2017.10.04 11:22:58.174,1.46758,1.46772,1.00,1.00
2017.10.04 11:22:58.711,1.46758,1.46774,1.00,2.25
2017.10.04 11:22:59.383,1.46758,1.46774,1.00,1.50
2017.10.04 11:22:59.961,1.46758,1.4677,1.00,1.00
2017.10.04 11:23:00.261,1.4675,1.46765,1.12,1.00
2017.10.04 11:23:00.779,1.46748,1.46766,3.19,1.69
2017.10.04 11:23:01.597,1.46748,1.46766,2.81,1.69
2017.10.04 11:23:02.613,1.46754,1.46769,1.00,2.00
2017.10.04 11:23:02.933,1.46754,1.4677,1.12,1.69
2017.10.04 11:23:03.536,1.46755,1.46771,1.69,1.50
2017.10.04 11:23:04.395,1.46754,1.46772,1.69,1.75
2017.10.04 11:23:04.907,1.46755,1.46772,1.12,1.00
2017.10.04 11:23:06.309,1.46755,1.46773,1.87,1.25
2017.10.04 11:23:06.666,1.46754,1.46771,2.06,1.00
2017.10.04 11:23:08.372,1.46752,1.46769,2.44,1.00
2017.10.04 11:23:08.919,1.46754,1.46772,1.00,1.94
2017.10.04 11:23:09.427,1.46755,1.46772,1.00,1.31
2017.10.04 11:23:09.989,1.46755,1.46772,1.00,1.12
2017.10.04 11:23:11.680,1.46754,1.46772,1.12,1.12
2017.10.04 11:23:13.131,1.46754,1.46772,2.25,1.00
2017.10.04 11:23:13.865,1.46753,1.46771,3.94,1.00
2017.10.04 11:23:15.536,1.46754,1.46771,1.00,1.00
2017.10.04 11:23:16.059,1.46754,1.46771,1.87,1.00
2017.10.04 11:23:16.567,1.46754,1.4677,2.25,1.00
2017.10.04 11:23:17.402,1.46754,1.46771,2.25,1.00
2017.10.04 11:23:18.531,1.46754,1.4677,2.25,1.00
2017.10.04 11:23:19.165,1.46753,1.4677,2.44,1.00
2017.10.04 11:23:19.671,1.46753,1.46768,2.44,1.00
2017.10.04 11:23:22.945,1.46753,1.46768,2.44,1.00
2017.10.04 11:23:23.515,1.46752,1.46768,2.29,1.00
2017.10.04 11:23:24.059,1.46752,1.46769,2.29,1.50
2017.10.04 11:23:24.161,1.46754,1.46771,1.12,1.25
2017.10.04 11:23:24.679,1.46754,1.4677,3.19,1.00
2017.10.04 11:23:25.185,1.46754,1.46769,3.00,1.00
2017.10.04 11:23:25.535,1.46754,1.46771,2.25,1.25
2017.10.04 11:23:26.155,1.46754,1.4677,2.06,1.00
2017.10.04 11:23:26.681,1.46754,1.46769,2.25,1.00
2017.10.04 11:23:28.189,1.46754,1.46768,1.12,1.00
2017.10.04 11:23:28.731,1.46754,1.46769,3.19,1.00
2017.10.04 11:23:29.244,1.46754,1.4677,3.19,1.00
2017.10.04 11:23:29.802,1.46755,1.46772,1.12,1.50
2017.10.04 11:23:29.853,1.46755,1.46772,1.37,1.50
2017.10.04 11:23:30.194,1.46754,1.4677,3.37,1.00
2017.10.04 11:23:30.296,1.46754,1.4677,3.37,1.00
2017.10.04 11:23:31.145,1.46754,1.46769,3.19,1.00
2017.10.04 11:23:31.299,1.46756,1.46771,1.00,1.25
2017.10.04 11:23:32.167,1.46756,1.4677,1.50,1.00
2017.10.04 11:23:32.699,1.46756,1.46772,1.50,1.00
2017.10.04 11:23:32.904,1.46756,1.4677,1.50,1.00
2017.10.04 11:23:33.438,1.46756,1.46771,1.50,1.00
2017.10.04 11:23:34.149,1.46756,1.4677,1.50,1.00
2017.10.04 11:23:34.700,1.46756,1.46771,1.50,1.00
2017.10.04 11:23:35.308,1.46757,1.46771,1.00,1.00
2017.10.04 11:23:35.700,1.46757,1.46771,1.75,1.00
2017.10.04 11:23:36.185,1.46757,1.46772,1.12,1.00
2017.10.04 11:23:36.288,1.46758,1.46775,2.25,1.69
2017.10.04 11:23:36.918,1.46759,1.46775,1.75,1.69
2017.10.04 11:23:37.445,1.46759,1.46777,3.19,1.69
2017.10.04 11:23:38.270,1.46761,1.46776,1.12,1.00
2017.10.04 11:23:39.010,1.46761,1.46778,2.62,1.00
2017.10.04 11:23:39.623,1.46762,1.46777,1.00,1.00
2017.10.04 11:23:40.167,1.46761,1.46777,1.69,1.00
2017.10.04 11:23:40.672,1.46762,1.46776,1.00,1.00
2017.10.04 11:23:41.211,1.46761,1.46777,1.69,1.00
2017.10.04 11:23:41.313,1.46762,1.46779,1.25,1.00
2017.10.04 11:23:41.568,1.46763,1.4678,1.87,1.25
2017.10.04 11:23:42.484,1.46764,1.46781,1.12,1.00
2017.10.04 11:23:43.038,1.46765,1.46781,1.00,1.00
2017.10.04 11:23:43.716,1.46766,1.46781,1.00,1.00
2017.10.04 11:23:47.951,1.46767,1.46781,1.00,1.00
2017.10.04 11:23:48.471,1.46767,1.46782,1.00,1.00
2017.10.04 11:23:48.778,1.46761,1.46775,1.37,1.25
2017.10.04 11:23:48.982,1.46759,1.46776,1.50,1.19
2017.10.04 11:23:49.862,1.46759,1.46776,1.50,1.19
2017.10.04 11:23:50.384,1.46759,1.46776,1.00,1.19
2017.10.04 11:23:50.492,1.46759,1.46776,1.37,1.19
2017.10.04 11:23:50.748,1.46759,1.46774,1.00,1.00
2017.10.04 11:23:51.287,1.46759,1.46774,1.50,1.00
2017.10.04 11:23:52.122,1.46759,1.46776,1.50,1.00
2017.10.04 11:23:52.327,1.46759,1.46776,2.25,1.00
2017.10.04 11:23:53.024,1.4676,1.46774,1.00,1.00
2017.10.04 11:23:53.126,1.46758,1.46773,1.12,1.00
2017.10.04 11:23:53.279,1.46755,1.46771,1.75,1.00
2017.10.04 11:23:53.331,1.46755,1.46771,1.50,1.00
2017.10.04 11:23:53.840,1.46754,1.46772,4.31,1.50
2017.10.04 11:23:54.711,1.46754,1.46771,3.00,1.00
2017.10.04 11:23:54.763,1.46754,1.46767,1.50,1.00
2017.10.04 11:23:54.916,1.4675,1.46766,1.00,1.00
2017.10.04 11:23:55.428,1.46749,1.46766,1.00,1.69
2017.10.04 11:23:55.479,1.46749,1.46763,1.00,1.00
2017.10.04 11:23:55.886,1.46747,1.46762,1.50,1.00
2017.10.04 11:23:56.585,1.46745,1.46762,1.56,1.00
2017.10.04 11:23:56.820,1.46747,1.46764,1.25,1.12
2017.10.04 11:23:57.330,1.46748,1.46764,1.00,1.12
2017.10.04 11:23:57.995,1.46747,1.46764,1.25,1.12
2017.10.04 11:23:59.592,1.46747,1.46763,1.25,1.00
2017.10.04 11:23:59.798,1.46749,1.46765,1.00,1.87
2017.10.04 11:23:59.903,1.46749,1.46767,2.06,1.00
2017.10.04 11:23:59.956,1.46752,1.46768,1.00,1.50
2017.10.04 11:24:00.466,1.46751,1.46767,1.75,1.00
2017.10.04 11:24:01.054,1.46749,1.46765,2.25,1.00
2017.10.04 11:24:01.157,1.4675,1.46765,1.50,1.00
2017.10.04 11:24:02.771,1.46747,1.46763,3.00,1.00
2017.10.04 11:24:02.873,1.46747,1.46763,2.25,1.00
2017.10.04 11:24:03.392,1.46745,1.46756,2.44,1.00
2017.10.04 11:24:03.546,1.4674,1.46755,1.75,1.25
2017.10.04 11:24:03.597,1.46738,1.46753,2.25,1.00
2017.10.04 11:24:03.649,1.46739,1.46753,1.00,1.00
2017.10.04 11:24:04.252,1.46737,1.46753,2.25,1.00
2017.10.04 11:24:05.043,1.46738,1.46754,1.12,1.25
2017.10.04 11:24:05.584,1.46737,1.46753,2.25,1.00
2017.10.04 11:24:06.374,1.46737,1.46745,1.00,1.00
2017.10.04 11:24:06.425,1.46728,1.46744,4.31,1.00
2017.10.04 11:24:06.477,1.46728,1.46744,3.94,1.00
2017.10.04 11:24:06.579,1.46728,1.46744,3.19,1.00
2017.10.04 11:24:07.636,1.46728,1.46745,3.19,1.00
2017.10.04 11:24:07.740,1.46728,1.46746,3.56,1.50
2017.10.04 11:24:08.253,1.46728,1.46744,2.06,1.00
2017.10.04 11:24:09.735,1.46728,1.46745,3.75,1.00
2017.10.04 11:24:10.068,1.46728,1.46745,4.12,1.00
2017.10.04 11:24:12.196,1.4673,1.46746,1.31,1.00
2017.10.04 11:24:12.505,1.46732,1.46748,1.50,1.00
2017.10.04 11:24:13.343,1.46733,1.46749,2.06,1.00
2017.10.04 11:24:14.264,1.46733,1.46747,1.31,1.00
2017.10.04 11:24:14.629,1.46733,1.4675,1.00,2.06
2017.10.04 11:24:14.681,1.46735,1.4675,1.00,1.12
2017.10.04 11:24:15.034,1.46734,1.46747,1.69,1.00
2017.10.04 11:24:15.241,1.46732,1.46747,1.12,1.00
2017.10.04 11:24:15.769,1.4673,1.46747,3.19,1.19
2017.10.04 11:24:16.076,1.46726,1.4674,1.50,1.00
2017.10.04 11:24:16.345,1.46726,1.46742,2.44,1.00
2017.10.04 11:24:16.549,1.46726,1.4674,2.25,1.00
2017.10.04 11:24:17.139,1.46725,1.4674,1.50,1.00
2017.10.04 11:24:17.345,1.46724,1.46738,1.00,1.00
2017.10.04 11:24:17.765,1.46724,1.46739,1.75,1.00
2017.10.04 11:24:18.306,1.46724,1.4674,1.75,1.00
2017.10.04 11:24:18.648,1.46719,1.46733,2.62,1.50
2017.10.04 11:24:18.795,1.46717,1.46732,1.75,1.00
2017.10.04 11:24:19.345,1.46719,1.46735,2.06,1.00
2017.10.04 11:24:19.448,1.46719,1.46736,2.44,1.50
2017.10.04 11:24:19.980,1.46719,1.46737,2.44,1.25
2017.10.04 11:24:20.528,1.4672,1.46738,1.50,2.44
2017.10.04 11:24:21.067,1.46719,1.46737,2.25,1.25
2017.10.04 11:24:21.372,1.46719,1.46734,3.00,1.00
2017.10.04 11:24:21.793,1.46717,1.46732,2.81,1.00
2017.10.04 11:24:22.049,1.4672,1.46735,1.00,1.00
2017.10.04 11:24:22.358,1.46721,1.46737,1.00,1.31
2017.10.04 11:24:22.462,1.46721,1.46736,2.44,1.00
2017.10.04 11:24:22.779,1.46718,1.46734,2.25,1.00
2017.10.04 11:24:23.137,1.46717,1.46732,2.25,1.00
2017.10.04 11:24:23.646,1.46717,1.46731,1.75,1.00
2017.10.04 11:24:23.749,1.46716,1.46731,1.50,1.00
2017.10.04 11:24:25.070,1.46716,1.46732,1.50,1.00
2017.10.04 11:24:25.860,1.46717,1.46733,1.12,1.00
2017.10.04 11:24:25.962,1.46717,1.46734,1.62,1.00
2017.10.04 11:24:26.218,1.46717,1.46734,1.69,1.00
2017.10.04 11:24:26.489,1.46716,1.46732,2.44,1.00
2017.10.04 11:24:26.540,1.46717,1.46734,1.87,1.00
2017.10.04 11:24:26.842,1.46719,1.46736,1.69,1.00
2017.10.04 11:24:27.351,1.4672,1.46735,2.06,1.00
2017.10.04 11:24:28.240,1.4672,1.46735,1.31,1.00
2017.10.04 11:24:28.545,1.4672,1.46733,1.31,1.00
2017.10.04 11:24:29.073,1.4672,1.46734,1.31,1.00
2017.10.04 11:24:29.579,1.4672,1.46734,1.12,1.00
2017.10.04 11:24:30.476,1.4672,1.46733,1.12,1.00
2017.10.04 11:24:30.985,1.4672,1.46734,1.12,1.00
2017.10.04 11:24:31.504,1.46719,1.46735,1.50,1.00
2017.10.04 11:24:32.428,1.4672,1.46736,1.12,1.00
2017.10.04 11:24:33.028,1.4672,1.46734,1.31,1.00
2017.10.04 11:24:33.576,1.46719,1.46733,1.69,1.00
2017.10.04 11:24:34.905,1.46719,1.46735,2.62,1.00
2017.10.04 11:24:35.161,1.46719,1.46733,1.50,1.00
2017.10.04 11:24:35.680,1.46718,1.46734,1.75,1.00
2017.10.04 11:24:36.634,1.46718,1.46735,1.75,1.00
2017.10.04 11:24:37.478,1.4672,1.46737,1.12,1.19
2017.10.04 11:24:38.005,1.46718,1.46735,1.75,1.00
2017.10.04 11:24:38.538,1.4672,1.46736,1.12,1.00
2017.10.04 11:24:39.039,1.46718,1.46735,2.25,1.00
2017.10.04 11:24:39.604,1.46718,1.46734,2.25,1.00
2017.10.04 11:24:42.375,1.46718,1.46733,2.25,1.00
2017.10.04 11:24:42.969,1.46718,1.46734,2.25,1.00
2017.10.04 11:24:43.297,1.46718,1.46735,3.00,1.00
2017.10.04 11:24:43.806,1.46718,1.46736,4.50,1.00
2017.10.04 11:24:44.330,1.4672,1.46738,1.69,2.44
2017.10.04 11:24:46.237,1.46722,1.46737,1.00,1.12
2017.10.04 11:24:48.203,1.46722,1.46738,1.12,1.00
2017.10.04 11:24:48.716,1.46722,1.46739,1.12,1.00
2017.10.04 11:24:49.253,1.46722,1.4674,1.87,1.69
2017.10.04 11:24:51.448,1.46722,1.46739,1.87,1.00
2017.10.04 11:24:53.551,1.46722,1.4674,1.87,1.69
2017.10.04 11:24:53.895,1.46725,1.46742,1.12,1.69
2017.10.04 11:24:54.423,1.46724,1.46742,2.44,2.06
2017.10.04 11:24:54.987,1.46724,1.46742,3.00,1.69
2017.10.04 11:24:55.467,1.46724,1.4674,1.50,1.00
2017.10.04 11:24:55.620,1.46723,1.4674,1.12,1.00
2017.10.04 11:24:56.662,1.46724,1.4674,1.00,1.00
2017.10.04 11:24:57.398,1.46723,1.4674,1.12,1.00
2017.10.04 11:24:58.127,1.46724,1.4674,1.00,1.00
2017.10.04 11:24:59.645,1.46724,1.46739,1.00,1.00
2017.10.04 11:25:00.164,1.46723,1.46739,1.12,1.00
2017.10.04 11:25:00.897,1.46723,1.4674,1.87,1.00
2017.10.04 11:25:02.483,1.46723,1.46741,1.50,1.87
2017.10.04 11:25:02.534,1.46723,1.46741,1.87,1.12
2017.10.04 11:25:03.926,1.46722,1.4674,2.44,1.00
2017.10.04 11:25:04.762,1.4672,1.46737,2.44,1.00
2017.10.04 11:25:04.864,1.46721,1.46739,1.25,1.50
2017.10.04 11:25:05.068,1.46723,1.46739,1.00,1.50
2017.10.04 11:25:06.447,1.46723,1.46741,1.50,2.06
2017.10.04 11:25:06.949,1.46724,1.46741,1.00,2.06
2017.10.04 11:25:10.556,1.46724,1.46743,1.75,1.69
2017.10.04 11:25:13.264,1.46724,1.46743,1.00,2.25
2017.10.04 11:25:14.416,1.46725,1.46743,1.00,1.56
2017.10.04 11:25:14.467,1.46727,1.46744,1.19,1.50
2017.10.04 11:25:14.571,1.46729,1.46747,1.19,1.75
2017.10.04 11:25:14.795,1.4673,1.46749,1.44,2.25
2017.10.04 11:25:17.585,1.46733,1.46751,2.06,1.31
