2014.11.10 07:00:00.349,1.41233,1.41261,1.94,2.06
2014.11.10 07:00:00.654,1.41237,1.41261,1.31,1.00
2014.11.10 07:00:01.026,1.41236,1.41259,1.31,1.00
2014.11.10 07:00:01.527,1.41235,1.41259,1.56,1.12
2014.11.10 07:00:02.050,1.41235,1.41258,1.56,1.00
2014.11.10 07:00:02.355,1.41237,1.41262,1.94,1.00
2014.11.10 07:00:02.462,1.41239,1.41264,2.62,1.00
2014.11.10 07:00:02.564,1.41242,1.41268,1.12,1.12
2014.11.10 07:00:02.767,1.41242,1.41268,2.81,1.00
2014.11.10 07:00:03.304,1.41243,1.41269,1.69,1.87
2014.11.10 07:00:03.854,1.41243,1.41268,1.69,1.12
2014.11.10 07:00:11.350,1.41241,1.41267,2.44,1.37
2014.11.10 07:00:11.451,1.41241,1.41267,1.87,2.44
2014.11.10 07:00:11.553,1.41236,1.41262,1.87,1.50
2014.11.10 07:00:11.858,1.41226,1.41249,1.00,1.12
2014.11.10 07:00:11.909,1.41226,1.41247,1.00,1.37
2014.11.10 07:00:11.960,1.41223,1.41247,1.25,1.50
2014.11.10 07:00:14.439,1.41221,1.41243,2.06,1.00
2014.11.10 07:00:14.490,1.41221,1.41243,1.87,1.00
2014.11.10 07:00:14.692,1.41221,1.41243,1.87,1.00
2014.11.10 07:00:15.212,1.41221,1.41242,1.87,1.12
2014.11.10 07:00:15.715,1.41221,1.41242,1.62,1.12
2014.11.10 07:00:16.055,1.41221,1.41242,1.62,1.12
2014.11.10 07:00:16.207,1.41223,1.41246,1.37,1.75
2014.11.10 07:00:16.258,1.41223,1.41246,1.00,1.75
2014.11.10 07:00:19.331,1.41223,1.41248,1.12,2.00
2014.11.10 07:00:19.987,1.41223,1.41246,1.12,1.12
2014.11.10 07:00:20.906,1.41222,1.41246,1.12,1.12
2014.11.10 07:00:25.645,1.41222,1.41247,1.00,1.81
2014.11.10 07:00:27.110,1.41222,1.41247,1.37,1.31
2014.11.10 07:00:27.263,1.41222,1.4125,4.31,2.06
2014.11.10 07:00:27.364,1.41222,1.41247,1.50,1.62
2014.11.10 07:00:30.592,1.41222,1.41244,1.00,1.00
2014.11.10 07:00:31.582,1.41222,1.41242,1.00,1.00
2014.11.10 07:00:35.432,1.41222,1.41244,1.00,1.31
2014.11.10 07:00:36.632,1.41221,1.41244,1.00,1.69
2014.11.10 07:00:37.433,1.41222,1.41244,1.00,1.69
2014.11.10 07:00:37.942,1.41221,1.41244,1.00,1.69
2014.11.10 07:00:39.317,1.41221,1.41244,1.00,2.06
2014.11.10 07:00:46.627,1.4122,1.41244,1.00,2.06
2014.11.10 07:00:49.040,1.41219,1.41243,1.00,1.69
2014.11.10 07:00:51.904,1.41217,1.41242,2.44,1.00
2014.11.10 07:00:53.464,1.41217,1.41242,2.44,1.50
2014.11.10 07:00:53.717,1.41212,1.41239,2.25,1.37
2014.11.10 07:00:53.920,1.41212,1.41235,1.12,1.00
2014.11.10 07:00:54.173,1.41209,1.41235,1.12,1.00
2014.11.10 07:00:54.325,1.41207,1.41234,1.69,1.50
2014.11.10 07:00:54.830,1.41207,1.41232,1.25,1.12
2014.11.10 07:00:55.591,1.41207,1.41232,1.37,1.12
2014.11.10 07:00:58.377,1.41207,1.41232,1.00,1.12
2014.11.10 07:00:58.888,1.41207,1.4123,1.00,1.00
2014.11.10 07:00:59.538,1.41206,1.41232,1.19,1.12
2014.11.10 07:01:00.364,1.41206,1.41231,1.31,1.00
2014.11.10 07:01:00.583,1.41204,1.4123,2.06,1.50
2014.11.10 07:01:00.634,1.41204,1.4123,2.06,1.50
2014.11.10 07:01:00.887,1.41204,1.4123,1.19,1.87
2014.11.10 07:01:00.988,1.41202,1.41228,1.12,1.12
2014.11.10 07:01:01.089,1.41201,1.41226,1.00,1.31
2014.11.10 07:01:01.494,1.41199,1.41224,1.50,1.00
2014.11.10 07:01:01.595,1.41199,1.41224,1.62,1.12
2014.11.10 07:01:01.697,1.41201,1.41229,1.00,2.06
2014.11.10 07:01:01.798,1.41201,1.41229,1.50,1.31
2014.11.10 07:01:01.900,1.41203,1.4123,1.00,1.69
2014.11.10 07:01:02.374,1.41203,1.41228,1.12,1.12
2014.11.10 07:01:02.908,1.41206,1.41231,1.00,1.31
2014.11.10 07:01:03.627,1.41204,1.4123,1.37,1.56
2014.11.10 07:01:04.435,1.41204,1.4123,1.00,1.56
2014.11.10 07:01:04.898,1.41204,1.4123,1.69,1.69
2014.11.10 07:01:05.809,1.41204,1.4123,1.50,1.69
2014.11.10 07:01:06.607,1.41204,1.4123,1.50,1.69
2014.11.10 07:01:07.424,1.41202,1.41229,1.50,2.44
2014.11.10 07:01:07.930,1.41202,1.41229,1.12,2.81
2014.11.10 07:01:08.452,1.41203,1.4123,1.31,2.44
2014.11.10 07:01:08.755,1.41211,1.41237,1.87,1.31
2014.11.10 07:01:08.856,1.41212,1.41238,1.31,1.62
2014.11.10 07:01:08.907,1.41217,1.41238,1.00,1.25
2014.11.10 07:01:09.261,1.41217,1.41244,1.00,2.44
2014.11.10 07:01:09.576,1.41219,1.41244,1.00,1.94
2014.11.10 07:01:09.758,1.41215,1.41242,1.00,1.94
2014.11.10 07:01:09.909,1.41213,1.4124,1.25,1.69
2014.11.10 07:01:10.524,1.41211,1.41238,2.81,1.37
2014.11.10 07:01:10.734,1.4121,1.41234,2.44,1.00
2014.11.10 07:01:10.987,1.41212,1.41234,1.00,1.12
2014.11.10 07:01:11.088,1.4121,1.41234,1.25,1.12
2014.11.10 07:01:11.891,1.41209,1.41234,1.12,1.31
2014.11.10 07:01:12.637,1.41207,1.41234,1.31,1.62
2014.11.10 07:01:14.644,1.4121,1.41234,1.00,1.56
2014.11.10 07:01:14.745,1.41208,1.41234,1.12,1.56
2014.11.10 07:01:14.846,1.41211,1.41234,1.00,1.56
2014.11.10 07:01:14.947,1.41208,1.41234,1.12,1.56
2014.11.10 07:01:15.861,1.41208,1.41234,1.12,1.37
2014.11.10 07:01:16.832,1.41208,1.41234,1.37,1.12
2014.11.10 07:01:18.841,1.41208,1.41234,1.31,1.62
2014.11.10 07:01:19.587,1.41208,1.41234,1.25,1.56
2014.11.10 07:01:20.325,1.41207,1.41231,1.00,1.00
2014.11.10 07:01:21.403,1.41205,1.41231,2.44,1.00
2014.11.10 07:01:21.912,1.41205,1.41232,1.69,1.31
2014.11.10 07:01:22.650,1.41205,1.41231,1.69,1.25
2014.11.10 07:01:24.587,1.41205,1.41232,2.44,1.12
2014.11.10 07:01:25.130,1.41204,1.41232,2.81,1.31
2014.11.10 07:01:25.679,1.41207,1.41232,1.37,1.56
2014.11.10 07:01:27.466,1.41208,1.41234,1.62,1.31
2014.11.10 07:01:27.618,1.41208,1.41234,1.62,1.56
2014.11.10 07:01:28.481,1.41211,1.41234,1.00,1.56
2014.11.10 07:01:29.361,1.4121,1.41234,1.12,1.62
2014.11.10 07:01:29.909,1.4121,1.41234,1.00,1.31
2014.11.10 07:01:30.131,1.41207,1.41234,1.56,2.06
2014.11.10 07:01:31.302,1.41205,1.41231,2.06,1.37
2014.11.10 07:01:32.687,1.41209,1.41231,1.00,1.37
2014.11.10 07:01:33.430,1.41209,1.4123,1.00,1.56
2014.11.10 07:01:33.481,1.41204,1.41229,1.00,1.94
2014.11.10 07:01:33.582,1.41203,1.41228,1.50,1.62
2014.11.10 07:01:33.684,1.41207,1.4123,1.00,1.31
2014.11.10 07:01:33.734,1.41207,1.41232,1.00,2.44
2014.11.10 07:01:33.785,1.4121,1.41232,1.00,1.62
2014.11.10 07:01:34.090,1.41208,1.41234,1.00,1.31
2014.11.10 07:01:34.344,1.41206,1.41234,1.31,1.31
2014.11.10 07:01:34.546,1.41208,1.41233,1.00,1.69
2014.11.10 07:01:35.417,1.41207,1.41233,1.00,1.69
2014.11.10 07:01:36.070,1.41206,1.41232,1.25,1.62
2014.11.10 07:01:36.526,1.41206,1.41232,1.25,1.62
2014.11.10 07:01:37.174,1.41207,1.41232,1.00,1.56
2014.11.10 07:01:37.808,1.41206,1.41232,1.00,1.56
2014.11.10 07:01:38.534,1.41205,1.41231,1.25,2.00
2014.11.10 07:01:38.635,1.41203,1.41227,1.50,1.37
2014.11.10 07:01:38.736,1.41203,1.41228,1.50,1.25
2014.11.10 07:01:39.091,1.41206,1.41228,1.00,1.62
2014.11.10 07:01:39.602,1.41206,1.4123,1.00,2.06
2014.11.10 07:01:40.692,1.41204,1.4123,2.25,2.06
2014.11.10 07:01:41.509,1.41205,1.4123,1.12,1.69
2014.11.10 07:01:41.926,1.41209,1.4123,1.00,2.06
2014.11.10 07:01:42.432,1.41208,1.4123,1.00,2.06
2014.11.10 07:01:43.442,1.41206,1.4123,1.00,1.62
2014.11.10 07:01:43.493,1.41206,1.4123,1.00,1.31
2014.11.10 07:01:43.863,1.41206,1.41229,1.00,1.25
2014.11.10 07:01:44.886,1.41206,1.4123,1.00,1.31
2014.11.10 07:01:46.420,1.41207,1.41228,1.00,1.12
2014.11.10 07:01:48.199,1.41206,1.4123,1.00,1.31
2014.11.10 07:01:48.301,1.41203,1.4123,1.69,1.31
2014.11.10 07:01:49.667,1.41203,1.4123,1.19,1.62
2014.11.10 07:01:50.481,1.41205,1.41231,1.00,2.06
2014.11.10 07:01:52.445,1.41205,1.41231,1.50,2.44
2014.11.10 07:01:53.147,1.41204,1.41229,1.25,1.12
2014.11.10 07:01:53.667,1.41204,1.41229,1.25,1.12
2014.11.10 07:01:54.183,1.41203,1.41228,2.06,1.00
2014.11.10 07:01:54.234,1.41205,1.41228,1.00,1.00
2014.11.10 07:01:56.359,1.41205,1.41231,1.00,2.44
2014.11.10 07:01:57.210,1.41205,1.41231,1.00,2.44
2014.11.10 07:01:57.573,1.41205,1.41229,1.00,1.31
2014.11.10 07:01:57.675,1.41204,1.41229,1.50,1.62
2014.11.10 07:01:58.534,1.41202,1.4123,1.62,1.94
2014.11.10 07:01:58.584,1.41201,1.4123,3.19,2.81
2014.11.10 07:01:58.992,1.412,1.41226,1.69,1.31
2014.11.10 07:01:59.158,1.41201,1.41225,1.12,1.00
2014.11.10 07:01:59.461,1.412,1.41226,1.25,1.31
2014.11.10 07:02:00.129,1.41199,1.41226,1.87,2.81
2014.11.10 07:02:01.307,1.41201,1.41226,1.00,3.56
2014.11.10 07:02:01.851,1.412,1.41223,1.00,1.00
2014.11.10 07:02:02.359,1.41201,1.41223,1.00,1.00
2014.11.10 07:02:02.878,1.412,1.41224,1.00,2.06
2014.11.10 07:02:04.473,1.41202,1.41225,1.00,1.12
2014.11.10 07:02:04.986,1.41201,1.41225,1.00,1.62
2014.11.10 07:02:08.381,1.41201,1.41226,1.25,1.62
2014.11.10 07:02:08.898,1.41201,1.41226,1.00,1.56
2014.11.10 07:02:09.404,1.412,1.41226,1.00,1.56
2014.11.10 07:02:10.060,1.41201,1.41227,1.00,1.56
2014.11.10 07:02:10.644,1.41199,1.41225,1.19,1.37
2014.11.10 07:02:11.207,1.41199,1.41225,1.25,1.69
2014.11.10 07:02:11.271,1.41201,1.41226,1.00,2.06
2014.11.10 07:02:11.820,1.412,1.41226,1.00,2.81
2014.11.10 07:02:12.380,1.41198,1.41225,1.31,2.06
2014.11.10 07:02:12.881,1.412,1.41225,1.00,1.31
2014.11.10 07:02:13.712,1.412,1.41225,1.00,1.94
2014.11.10 07:02:14.072,1.41195,1.41223,1.69,1.87
2014.11.10 07:02:15.121,1.41199,1.41223,1.37,1.69
2014.11.10 07:02:15.222,1.41199,1.41225,1.37,1.87
2014.11.10 07:02:15.273,1.41204,1.41225,1.00,1.25
2014.11.10 07:02:15.824,1.41205,1.41229,1.00,1.50
2014.11.10 07:02:16.407,1.41205,1.41229,1.00,2.25
2014.11.10 07:02:17.331,1.41205,1.41229,1.12,1.50
2014.11.10 07:02:17.540,1.41207,1.41229,1.00,1.50
2014.11.10 07:02:18.875,1.41208,1.41231,1.00,1.62
2014.11.10 07:02:19.389,1.41206,1.41233,1.87,3.94
2014.11.10 07:02:20.078,1.41206,1.41233,1.50,3.94
2014.11.10 07:02:21.211,1.41206,1.41229,1.00,1.00
2014.11.10 07:02:21.514,1.41209,1.41231,1.00,2.06
2014.11.10 07:02:21.868,1.41207,1.41231,1.00,2.06
2014.11.10 07:02:22.460,1.41207,1.41231,1.00,2.06
2014.11.10 07:02:22.612,1.41204,1.41231,1.31,2.06
2014.11.10 07:02:22.764,1.41206,1.41231,1.00,2.06
2014.11.10 07:02:23.274,1.41205,1.41231,1.00,1.31
2014.11.10 07:02:23.998,1.41205,1.41232,1.50,1.56
2014.11.10 07:02:25.611,1.41205,1.4123,1.75,1.62
2014.11.10 07:02:25.712,1.41205,1.4123,1.00,2.06
2014.11.10 07:02:26.218,1.41205,1.41231,1.00,1.69
2014.11.10 07:02:27.283,1.41208,1.41231,1.00,1.56
2014.11.10 07:02:27.579,1.41206,1.41231,1.00,1.56
2014.11.10 07:02:28.659,1.41206,1.41231,1.00,1.56
2014.11.10 07:02:28.810,1.41208,1.41231,1.00,1.56
2014.11.10 07:02:29.332,1.41209,1.41231,1.00,1.56
2014.11.10 07:02:30.111,1.41207,1.41233,1.00,2.06
2014.11.10 07:02:30.917,1.41209,1.41231,1.00,1.56
2014.11.10 07:02:31.428,1.41207,1.41231,1.00,1.56
2014.11.10 07:02:31.979,1.41206,1.41232,1.00,1.56
2014.11.10 07:02:32.453,1.41209,1.41232,1.00,1.56
2014.11.10 07:02:32.555,1.41207,1.41231,1.00,1.56
2014.11.10 07:02:32.994,1.41205,1.4123,1.00,1.56
2014.11.10 07:02:33.397,1.41206,1.41229,1.00,2.06
2014.11.10 07:02:33.448,1.41203,1.41228,1.00,1.31
2014.11.10 07:02:33.499,1.41203,1.41226,1.00,1.31
2014.11.10 07:02:33.550,1.41198,1.41226,1.25,2.81
2014.11.10 07:02:33.601,1.41197,1.41223,1.69,1.56
2014.11.10 07:02:33.753,1.41196,1.41222,1.50,2.06
2014.11.10 07:02:33.854,1.41194,1.41222,2.06,2.44
2014.11.10 07:02:34.558,1.41194,1.41222,1.69,3.56
2014.11.10 07:02:34.658,1.41194,1.41222,1.31,3.94
2014.11.10 07:02:34.760,1.41194,1.41222,1.69,3.56
2014.11.10 07:02:35.262,1.41193,1.41219,1.00,2.44
2014.11.10 07:02:35.364,1.41189,1.41215,1.12,1.50
2014.11.10 07:02:35.415,1.41186,1.41214,3.75,1.31
2014.11.10 07:02:36.499,1.41187,1.41214,1.12,1.31
2014.11.10 07:02:37.815,1.41191,1.41216,1.12,2.81
2014.11.10 07:02:38.439,1.41192,1.41218,1.50,1.56
2014.11.10 07:02:38.995,1.41192,1.41219,1.50,1.69
2014.11.10 07:02:39.679,1.41194,1.4122,1.00,3.56
2014.11.10 07:02:40.682,1.4119,1.41218,2.06,1.56
2014.11.10 07:02:40.935,1.41189,1.41216,1.00,1.56
2014.11.10 07:02:41.086,1.41189,1.41215,1.00,1.56
2014.11.10 07:02:41.634,1.41188,1.41213,1.31,1.37
2014.11.10 07:02:41.786,1.41188,1.41215,2.44,1.69
2014.11.10 07:02:42.413,1.41189,1.41216,1.87,2.81
2014.11.10 07:02:43.381,1.41189,1.41216,1.50,2.81
2014.11.10 07:02:43.533,1.41188,1.41216,1.12,3.94
2014.11.10 07:02:44.041,1.41187,1.41215,1.87,1.69
2014.11.10 07:02:44.587,1.41189,1.41215,1.12,1.69
2014.11.10 07:02:45.162,1.41189,1.41216,1.12,3.56
2014.11.10 07:02:45.672,1.4119,1.41216,1.00,2.81
2014.11.10 07:02:46.543,1.41188,1.41214,1.12,1.69
2014.11.10 07:02:46.945,1.41191,1.41214,1.00,1.69
2014.11.10 07:02:47.409,1.41189,1.41214,1.00,1.69
2014.11.10 07:02:49.071,1.41188,1.41214,1.00,1.69
2014.11.10 07:02:49.835,1.41187,1.41213,1.50,1.62
2014.11.10 07:02:50.138,1.41189,1.41214,1.00,1.69
2014.11.10 07:02:50.720,1.41188,1.41214,1.50,1.31
2014.11.10 07:02:52.144,1.41187,1.41213,1.75,1.19
2014.11.10 07:02:52.466,1.41186,1.4121,1.62,1.00
2014.11.10 07:02:52.878,1.41186,1.41212,2.06,1.31
2014.11.10 07:02:53.387,1.41187,1.41213,1.12,2.06
2014.11.10 07:02:54.050,1.41187,1.41213,1.12,1.56
2014.11.10 07:02:54.152,1.41184,1.41211,1.69,2.81
2014.11.10 07:02:54.657,1.41183,1.41207,1.50,1.00
2014.11.10 07:02:55.011,1.41183,1.41211,1.50,2.81
2014.11.10 07:02:55.432,1.41183,1.41211,1.50,3.19
2014.11.10 07:02:57.038,1.41183,1.4121,1.50,1.56
2014.11.10 07:02:58.341,1.41184,1.4121,1.12,1.56
2014.11.10 07:02:58.493,1.41182,1.41209,1.25,2.81
2014.11.10 07:02:58.847,1.41184,1.4121,1.00,3.19
2014.11.10 07:02:59.393,1.41182,1.41207,2.06,1.00
2014.11.10 07:02:59.700,1.41184,1.41209,1.37,1.12
2014.11.10 07:03:01.347,1.41185,1.41211,1.00,1.62
2014.11.10 07:03:02.259,1.41185,1.41213,1.69,2.06
2014.11.10 07:03:03.060,1.41185,1.41213,1.50,2.81
2014.11.10 07:03:03.573,1.41185,1.41211,1.69,1.62
2014.11.10 07:03:04.439,1.41186,1.41211,1.37,1.62
2014.11.10 07:03:06.520,1.41187,1.41211,1.00,1.62
2014.11.10 07:03:08.100,1.41185,1.41211,1.50,1.69
2014.11.10 07:03:08.635,1.41184,1.4121,1.12,1.00
2014.11.10 07:03:09.599,1.41183,1.41209,2.06,1.00
2014.11.10 07:03:10.341,1.41183,1.4121,2.81,1.12
2014.11.10 07:03:11.653,1.41184,1.4121,2.81,1.31
2014.11.10 07:03:11.969,1.41186,1.41209,1.00,1.50
2014.11.10 07:03:12.485,1.41184,1.4121,2.44,1.62
2014.11.10 07:03:13.425,1.41189,1.4121,1.75,1.00
2014.11.10 07:03:13.476,1.41192,1.41213,1.50,1.00
2014.11.10 07:03:13.527,1.41192,1.41218,1.00,1.69
2014.11.10 07:03:13.629,1.41192,1.41221,1.87,4.31
2014.11.10 07:03:14.614,1.41193,1.4122,1.00,2.44
2014.11.10 07:03:14.766,1.41193,1.4122,1.50,3.19
2014.11.10 07:03:15.272,1.41194,1.41219,1.00,1.31
2014.11.10 07:03:15.475,1.41191,1.41218,1.69,1.25
2014.11.10 07:03:15.994,1.41194,1.4122,1.00,1.69
2014.11.10 07:03:16.515,1.41191,1.41218,2.81,1.31
2014.11.10 07:03:18.006,1.41191,1.41218,2.81,1.31
2014.11.10 07:03:19.754,1.41193,1.41219,1.12,1.56
2014.11.10 07:03:20.267,1.41194,1.4122,1.00,2.06
2014.11.10 07:03:20.638,1.41192,1.41218,1.25,1.31
2014.11.10 07:03:21.187,1.41192,1.41219,1.50,2.81
2014.11.10 07:03:21.697,1.41192,1.41219,1.50,2.06
2014.11.10 07:03:22.337,1.41193,1.41216,1.00,1.00
2014.11.10 07:03:22.907,1.41193,1.41218,1.00,2.06
2014.11.10 07:03:23.444,1.41193,1.41219,1.00,2.06
2014.11.10 07:03:24.129,1.41193,1.41219,1.37,2.06
2014.11.10 07:03:24.771,1.41193,1.41219,1.12,2.06
2014.11.10 07:03:25.314,1.41194,1.41219,1.12,1.00
2014.11.10 07:03:25.866,1.41194,1.4122,1.12,2.06
2014.11.10 07:03:26.291,1.41194,1.4122,1.37,2.06
2014.11.10 07:03:27.883,1.41196,1.41222,1.00,2.81
2014.11.10 07:03:29.197,1.41194,1.4122,1.50,1.56
2014.11.10 07:03:32.303,1.41193,1.4122,2.06,1.56
2014.11.10 07:03:32.804,1.41191,1.41218,3.37,1.56
2014.11.10 07:03:33.519,1.41192,1.41219,1.50,1.69
2014.11.10 07:03:33.620,1.41195,1.4122,1.00,1.31
2014.11.10 07:03:33.772,1.41195,1.41221,1.25,1.31
2014.11.10 07:03:33.823,1.41197,1.41222,1.00,1.69
2014.11.10 07:03:34.126,1.412,1.41223,1.00,1.44
2014.11.10 07:03:34.419,1.412,1.41223,1.00,1.25
2014.11.10 07:03:36.679,1.41201,1.41224,1.00,1.37
2014.11.10 07:03:38.948,1.41201,1.41224,1.00,1.37
2014.11.10 07:03:39.553,1.41201,1.41225,1.00,1.62
2014.11.10 07:03:40.229,1.41198,1.41224,1.50,1.37
2014.11.10 07:03:40.288,1.41201,1.41225,1.00,1.62
2014.11.10 07:03:41.954,1.41201,1.41225,1.00,1.62
2014.11.10 07:03:44.460,1.41201,1.41225,1.00,1.56
2014.11.10 07:03:45.096,1.41201,1.41225,1.12,1.31
2014.11.10 07:03:48.169,1.41201,1.41225,1.00,1.37
2014.11.10 07:03:48.772,1.41201,1.41225,1.00,1.37
2014.11.10 07:03:49.293,1.41201,1.41225,1.00,1.37
2014.11.10 07:03:50.189,1.41199,1.41224,1.00,1.62
2014.11.10 07:03:51.204,1.41198,1.41224,3.56,1.25
2014.11.10 07:03:51.761,1.41199,1.41225,1.50,1.25
2014.11.10 07:03:52.065,1.41203,1.41227,2.06,1.00
2014.11.10 07:03:52.116,1.41203,1.41229,1.31,1.00
2014.11.10 07:03:52.318,1.41204,1.4123,2.44,1.00
2014.11.10 07:03:52.420,1.41204,1.4123,1.69,1.00
2014.11.10 07:03:54.423,1.41204,1.4123,1.69,1.00
2014.11.10 07:03:56.359,1.41204,1.4123,1.31,1.87
2014.11.10 07:03:56.662,1.41201,1.41227,1.31,1.00
2014.11.10 07:03:57.200,1.41204,1.41229,1.12,1.31
2014.11.10 07:03:57.754,1.41205,1.41229,1.69,1.00
2014.11.10 07:03:58.304,1.41205,1.4123,1.69,1.12
2014.11.10 07:03:58.607,1.41205,1.4123,1.69,1.00
2014.11.10 07:03:59.113,1.41206,1.4123,1.00,1.00
2014.11.10 07:03:59.645,1.41206,1.41231,1.37,1.31
2014.11.10 07:04:00.189,1.41205,1.41231,1.50,2.06
2014.11.10 07:04:00.875,1.41206,1.41231,1.37,1.19
2014.11.10 07:04:01.486,1.41205,1.41231,1.50,1.69
2014.11.10 07:04:01.803,1.41206,1.41232,1.31,2.06
2014.11.10 07:04:02.354,1.41206,1.41232,1.62,2.44
2014.11.10 07:04:08.769,1.41205,1.41231,1.69,1.50
2014.11.10 07:04:09.578,1.41205,1.41231,1.31,1.69
2014.11.10 07:04:10.207,1.41206,1.41231,1.00,1.25
2014.11.10 07:04:10.776,1.41205,1.41231,1.31,1.69
2014.11.10 07:04:11.189,1.41205,1.41231,1.69,2.06
2014.11.10 07:04:12.755,1.41204,1.4123,2.06,1.00
2014.11.10 07:04:13.150,1.41205,1.4123,1.00,1.12
2014.11.10 07:04:15.028,1.41205,1.41231,1.69,1.69
2014.11.10 07:04:15.537,1.41205,1.41231,1.31,2.06
2014.11.10 07:04:15.862,1.41199,1.41224,1.69,1.37
2014.11.10 07:04:16.464,1.41199,1.41224,1.12,1.56
2014.11.10 07:04:17.119,1.41199,1.41223,1.12,1.37
2014.11.10 07:04:18.196,1.41196,1.41222,1.69,1.87
2014.11.10 07:04:18.246,1.41196,1.41222,1.31,1.87
2014.11.10 07:04:18.775,1.41195,1.41221,2.06,1.00
2014.11.10 07:04:19.549,1.41196,1.41222,1.25,2.06
2014.11.10 07:04:20.158,1.41195,1.41221,1.69,1.37
2014.11.10 07:04:20.707,1.41197,1.41222,1.00,1.31
2014.11.10 07:04:21.572,1.41197,1.41222,1.00,2.06
2014.11.10 07:04:22.116,1.41197,1.41222,1.00,2.06
2014.11.10 07:04:24.517,1.41195,1.41221,2.06,1.37
2014.11.10 07:04:25.635,1.41196,1.41222,1.37,2.06
2014.11.10 07:04:26.235,1.41196,1.41222,1.50,1.62
2014.11.10 07:04:27.137,1.41196,1.41222,1.50,1.56
2014.11.10 07:04:30.237,1.41197,1.41221,1.00,1.25
2014.11.10 07:04:30.759,1.41196,1.41221,1.00,1.25
2014.11.10 07:04:31.105,1.41196,1.41221,1.00,1.31
2014.11.10 07:04:31.658,1.41195,1.41221,1.00,1.31
2014.11.10 07:04:32.188,1.41196,1.41221,1.00,1.31
2014.11.10 07:04:32.492,1.41195,1.41218,1.00,1.19
2014.11.10 07:04:33.051,1.41194,1.4122,1.37,1.69
2014.11.10 07:04:33.296,1.41194,1.4122,1.75,2.06
2014.11.10 07:04:33.549,1.41197,1.41223,1.87,1.56
2014.11.10 07:04:33.650,1.41196,1.41222,1.12,1.56
2014.11.10 07:04:33.802,1.41195,1.41221,1.12,1.69
2014.11.10 07:04:34.979,1.41195,1.41221,1.00,2.44
2014.11.10 07:04:35.492,1.41193,1.41221,1.69,2.44
2014.11.10 07:04:36.002,1.41192,1.41219,1.69,1.69
2014.11.10 07:04:36.521,1.41192,1.41219,1.69,1.69
2014.11.10 07:04:37.153,1.41192,1.41218,1.00,1.31
2014.11.10 07:04:37.740,1.41191,1.41218,1.12,2.06
2014.11.10 07:04:38.289,1.4119,1.41215,1.31,1.00
2014.11.10 07:04:39.702,1.41186,1.41214,2.44,1.12
2014.11.10 07:04:40.007,1.41184,1.41212,1.37,1.31
2014.11.10 07:04:40.262,1.41184,1.41212,1.69,2.06
2014.11.10 07:04:40.416,1.41183,1.41209,2.06,1.37
2014.11.10 07:04:40.920,1.41185,1.41209,1.00,1.00
2014.11.10 07:04:41.659,1.41185,1.41211,1.00,1.69
2014.11.10 07:04:41.999,1.41182,1.41209,1.19,1.37
2014.11.10 07:04:42.511,1.41182,1.41209,1.19,1.62
2014.11.10 07:04:43.378,1.41181,1.41208,1.31,1.19
2014.11.10 07:04:43.902,1.41182,1.41208,1.37,1.31
2014.11.10 07:04:44.587,1.41181,1.41207,1.62,1.62
2014.11.10 07:04:45.188,1.4118,1.41207,1.56,1.62
2014.11.10 07:04:45.856,1.41181,1.41207,1.12,1.31
2014.11.10 07:04:46.781,1.41179,1.41205,2.06,1.25
2014.11.10 07:04:47.917,1.4118,1.41206,1.87,1.19
2014.11.10 07:04:48.221,1.41183,1.41207,1.00,1.69
2014.11.10 07:04:48.526,1.41179,1.41206,1.19,1.50
2014.11.10 07:04:48.830,1.41178,1.41206,1.69,2.06
2014.11.10 07:04:49.088,1.4118,1.41206,1.00,2.06
2014.11.10 07:04:49.616,1.41177,1.41206,2.06,2.06
2014.11.10 07:04:51.835,1.41177,1.41205,2.06,1.69
2014.11.10 07:04:52.245,1.41182,1.41205,1.00,1.31
2014.11.10 07:04:52.936,1.41183,1.41207,1.12,1.00
2014.11.10 07:04:53.447,1.41182,1.41209,1.25,1.31
2014.11.10 07:04:53.621,1.41182,1.41208,1.00,2.44
2014.11.10 07:04:53.672,1.41179,1.41205,1.69,1.69
2014.11.10 07:04:53.723,1.41179,1.41205,1.87,2.81
2014.11.10 07:04:53.926,1.41175,1.41202,1.19,2.00
2014.11.10 07:04:54.028,1.41174,1.41202,1.00,3.19
2014.11.10 07:04:54.539,1.41174,1.41202,1.50,3.94
2014.11.10 07:04:55.059,1.41173,1.41201,1.00,2.44
2014.11.10 07:04:55.312,1.41173,1.41199,1.00,2.06
2014.11.10 07:04:56.070,1.41172,1.41198,1.69,2.81
2014.11.10 07:04:56.580,1.41172,1.41198,1.00,2.81
2014.11.10 07:04:57.216,1.41173,1.41198,1.00,2.81
2014.11.10 07:04:58.498,1.41172,1.41198,1.50,2.81
2014.11.10 07:05:00.513,1.41172,1.41198,1.50,2.81
2014.11.10 07:05:01.063,1.41172,1.41198,1.50,2.06
2014.11.10 07:05:02.219,1.41172,1.41198,1.50,1.56
2014.11.10 07:05:02.472,1.41174,1.41199,1.37,1.00
2014.11.10 07:05:03.030,1.41174,1.412,1.37,1.31
2014.11.10 07:05:03.495,1.41172,1.41198,2.06,1.00
2014.11.10 07:05:04.108,1.41172,1.412,2.06,1.31
2014.11.10 07:05:04.697,1.41172,1.41199,1.69,1.69
2014.11.10 07:05:05.168,1.41171,1.41197,2.81,1.12
2014.11.10 07:05:05.472,1.41172,1.41199,1.50,1.69
2014.11.10 07:05:06.280,1.41175,1.412,1.37,2.06
2014.11.10 07:05:06.432,1.41173,1.412,1.87,2.44
2014.11.10 07:05:06.537,1.41177,1.412,1.00,1.56
2014.11.10 07:05:06.949,1.41178,1.412,1.37,1.19
2014.11.10 07:05:07.000,1.41181,1.41205,1.50,1.87
2014.11.10 07:05:07.202,1.41185,1.41208,1.00,1.56
2014.11.10 07:05:07.506,1.41187,1.41208,1.00,1.50
2014.11.10 07:05:08.462,1.41187,1.41208,1.00,1.25
2014.11.10 07:05:08.518,1.41185,1.41208,1.00,1.25
2014.11.10 07:05:09.068,1.41184,1.4121,1.00,1.62
2014.11.10 07:05:09.513,1.4118,1.41204,2.06,1.00
2014.11.10 07:05:09.564,1.41179,1.41204,1.69,1.00
2014.11.10 07:05:10.130,1.41182,1.41208,1.00,1.31
2014.11.10 07:05:10.488,1.41181,1.41207,1.69,1.00
2014.11.10 07:05:11.144,1.41184,1.41209,1.00,1.31
2014.11.10 07:05:11.775,1.41184,1.41209,1.00,1.12
2014.11.10 07:05:13.468,1.41183,1.4121,1.37,1.25
2014.11.10 07:05:13.519,1.41183,1.4121,1.62,1.19
2014.11.10 07:05:14.004,1.41185,1.4121,1.37,1.31
2014.11.10 07:05:14.625,1.41185,1.41211,1.37,1.56
2014.11.10 07:05:15.167,1.41185,1.41213,1.87,2.44
2014.11.10 07:05:17.784,1.41186,1.41212,1.00,2.06
2014.11.10 07:05:18.345,1.41186,1.41212,1.37,2.06
2014.11.10 07:05:19.610,1.41184,1.41211,1.69,1.69
2014.11.10 07:05:20.364,1.41184,1.4121,1.69,1.19
2014.11.10 07:05:20.614,1.41188,1.41211,1.12,1.31
2014.11.10 07:05:21.575,1.41188,1.41213,1.37,1.94
2014.11.10 07:05:22.110,1.4119,1.41213,1.00,1.94
2014.11.10 07:05:22.314,1.41194,1.41215,1.00,1.12
2014.11.10 07:05:22.415,1.41194,1.41217,1.37,1.00
2014.11.10 07:05:22.466,1.41194,1.41221,1.37,3.94
2014.11.10 07:05:22.973,1.41196,1.41221,1.00,1.19
2014.11.10 07:05:23.499,1.41195,1.41222,1.50,1.69
2014.11.10 07:05:23.715,1.41195,1.41222,1.87,1.19
2014.11.10 07:05:24.658,1.41197,1.41221,1.37,1.25
2014.11.10 07:05:24.810,1.41192,1.41218,2.06,1.31
2014.11.10 07:05:25.114,1.41193,1.41216,1.37,1.37
2014.11.10 07:05:25.215,1.41189,1.41213,2.06,1.00
2014.11.10 07:05:25.318,1.41189,1.41213,1.12,1.00
2014.11.10 07:05:26.468,1.41189,1.41212,1.00,1.00
2014.11.10 07:05:27.229,1.41187,1.41212,1.69,1.00
2014.11.10 07:05:27.385,1.41188,1.41212,1.69,1.00
2014.11.10 07:05:27.920,1.41189,1.41214,1.00,1.31
2014.11.10 07:05:28.260,1.41191,1.41216,1.31,1.12
2014.11.10 07:05:28.412,1.41192,1.4122,1.19,1.94
2014.11.10 07:05:28.464,1.41189,1.41219,1.94,1.69
2014.11.10 07:05:28.768,1.41188,1.41215,1.00,1.69
2014.11.10 07:05:29.071,1.41187,1.41211,1.25,1.50
2014.11.10 07:05:29.847,1.41187,1.41211,1.25,1.12
2014.11.10 07:05:30.366,1.41184,1.41208,1.62,1.00
2014.11.10 07:05:30.947,1.41183,1.41208,1.69,1.00
2014.11.10 07:05:31.458,1.41183,1.4121,1.31,2.06
2014.11.10 07:05:31.979,1.41185,1.4121,1.00,2.06
2014.11.10 07:05:32.460,1.41187,1.41212,1.00,2.44
2014.11.10 07:05:32.817,1.41185,1.41211,1.12,1.12
2014.11.10 07:05:32.987,1.41185,1.41211,1.12,1.87
2014.11.10 07:05:33.644,1.41185,1.41211,1.87,1.81
2014.11.10 07:05:34.643,1.41183,1.41211,1.19,1.31
2014.11.10 07:05:35.218,1.41181,1.41209,1.56,2.06
2014.11.10 07:05:35.561,1.41181,1.41203,1.37,1.00
2014.11.10 07:05:35.612,1.41181,1.41203,1.00,1.00
2014.11.10 07:05:35.713,1.4118,1.41202,1.00,1.37
2014.11.10 07:05:35.846,1.41175,1.41198,1.00,1.12
2014.11.10 07:05:36.257,1.41171,1.412,1.56,2.81
2014.11.10 07:05:36.967,1.41171,1.41199,1.25,2.44
2014.11.10 07:05:37.487,1.41168,1.41196,2.81,1.00
2014.11.10 07:05:38.001,1.41172,1.41197,1.00,1.62
2014.11.10 07:05:38.102,1.41169,1.41197,2.81,1.62
2014.11.10 07:05:38.254,1.41174,1.41197,1.00,1.62
2014.11.10 07:05:38.406,1.41172,1.41197,1.00,1.62
2014.11.10 07:05:39.117,1.41172,1.41197,1.00,1.25
2014.11.10 07:05:39.697,1.41172,1.41199,2.25,1.19
2014.11.10 07:05:40.407,1.41172,1.41199,2.25,1.25
2014.11.10 07:05:40.919,1.41172,1.412,2.25,1.31
2014.11.10 07:05:44.527,1.41173,1.41201,1.62,1.94
2014.11.10 07:05:44.831,1.41177,1.41206,2.06,2.00
2014.11.10 07:05:44.984,1.41181,1.41206,1.50,1.25
2014.11.10 07:05:45.439,1.41183,1.41209,1.37,1.69
2014.11.10 07:05:45.540,1.4118,1.41206,1.31,1.00
2014.11.10 07:05:46.465,1.41182,1.41206,1.62,1.00
2014.11.10 07:05:46.769,1.41183,1.41207,2.06,1.00
2014.11.10 07:05:47.337,1.41183,1.41208,2.06,1.00
2014.11.10 07:05:47.742,1.41183,1.41209,2.06,1.00
2014.11.10 07:05:47.843,1.41185,1.4121,1.87,1.00
2014.11.10 07:05:48.377,1.41186,1.41212,1.37,1.05
2014.11.10 07:05:48.479,1.41186,1.41212,1.37,1.05
2014.11.10 07:05:48.631,1.41191,1.41217,1.00,1.62
2014.11.10 07:05:48.682,1.41191,1.41217,1.37,1.25
2014.11.10 07:05:48.993,1.4119,1.41213,1.19,1.00
2014.11.10 07:05:49.044,1.41186,1.41212,2.44,1.00
2014.11.10 07:05:49.145,1.41186,1.41212,1.00,1.25
2014.11.10 07:05:49.499,1.41182,1.4121,2.06,1.00
2014.11.10 07:05:50.012,1.41182,1.41209,2.81,1.12
2014.11.10 07:05:50.408,1.41182,1.41209,2.06,1.31
2014.11.10 07:05:53.022,1.41181,1.41208,2.06,1.00
2014.11.10 07:05:55.347,1.4118,1.41206,1.56,1.00
2014.11.10 07:05:56.877,1.41181,1.41208,1.19,1.71
2014.11.10 07:05:59.246,1.41181,1.41208,1.62,1.50
2014.11.10 07:06:00.292,1.41181,1.41208,1.31,1.31
2014.11.10 07:06:00.365,1.41181,1.41208,1.62,1.31
2014.11.10 07:06:00.820,1.41185,1.41211,1.00,1.75
2014.11.10 07:06:01.439,1.41184,1.4121,1.00,1.75
2014.11.10 07:06:03.482,1.41184,1.4121,1.00,1.56
2014.11.10 07:06:03.584,1.41182,1.41209,1.25,1.62
2014.11.10 07:06:03.868,1.41182,1.41208,1.00,1.75
2014.11.10 07:06:03.919,1.41178,1.41206,1.00,1.12
2014.11.10 07:06:04.123,1.41175,1.41202,1.31,1.62
2014.11.10 07:06:04.225,1.41172,1.41202,1.31,3.56
2014.11.10 07:06:04.276,1.41172,1.41201,1.12,1.12
2014.11.10 07:06:04.428,1.41174,1.412,1.37,1.75
2014.11.10 07:06:04.733,1.41181,1.41205,1.00,1.97
2014.11.10 07:06:04.834,1.41175,1.41205,2.06,1.97
2014.11.10 07:06:04.885,1.41175,1.41206,2.44,1.61
2014.11.10 07:06:04.937,1.41178,1.41207,1.25,1.72
2014.11.10 07:06:05.888,1.41176,1.41205,1.31,1.99
2014.11.10 07:06:07.129,1.41178,1.41205,1.00,1.35
2014.11.10 07:06:08.864,1.41175,1.41204,1.31,1.16
2014.11.10 07:06:09.370,1.41173,1.41202,2.44,1.37
2014.11.10 07:06:09.522,1.4117,1.41197,1.00,1.16
2014.11.10 07:06:09.573,1.4117,1.41197,1.00,2.10
2014.11.10 07:06:09.978,1.41168,1.41197,2.06,1.60
2014.11.10 07:06:10.231,1.41173,1.412,1.87,1.60
2014.11.10 07:06:11.235,1.41176,1.412,1.00,1.60
2014.11.10 07:06:11.286,1.41176,1.412,1.00,1.60
2014.11.10 07:06:11.813,1.41177,1.412,1.00,1.60
2014.11.10 07:06:12.373,1.41176,1.412,1.00,1.81
2014.11.10 07:06:13.231,1.41177,1.412,1.00,1.94
2014.11.10 07:06:14.135,1.41177,1.41199,1.00,1.25
2014.11.10 07:06:14.949,1.41177,1.412,1.37,1.56
2014.11.10 07:06:15.619,1.41177,1.412,1.00,1.56
2014.11.10 07:06:16.579,1.41176,1.412,1.00,1.62
2014.11.10 07:06:16.630,1.41173,1.41198,1.00,1.19
2014.11.10 07:06:16.783,1.41167,1.41194,1.56,1.00
2014.11.10 07:06:16.885,1.41168,1.41195,2.06,1.19
2014.11.10 07:06:17.189,1.41169,1.41193,1.37,1.25
2014.11.10 07:06:18.276,1.41169,1.41195,1.37,1.69
2014.11.10 07:06:19.755,1.4117,1.41196,1.37,1.25
2014.11.10 07:06:20.318,1.41169,1.41196,1.37,1.19
2014.11.10 07:06:21.588,1.41169,1.41196,1.12,1.31
2014.11.10 07:06:22.285,1.41168,1.41194,1.37,1.25
2014.11.10 07:06:24.421,1.41169,1.41194,1.37,1.00
2014.11.10 07:06:24.945,1.41167,1.41193,2.25,1.00
2014.11.10 07:06:25.470,1.41168,1.41193,1.31,1.31
2014.11.10 07:06:25.773,1.41165,1.4119,1.00,1.56
2014.11.10 07:06:26.727,1.41165,1.41192,1.12,2.06
2014.11.10 07:06:27.792,1.41163,1.41191,1.12,1.69
2014.11.10 07:06:28.789,1.41163,1.41191,1.37,1.69
2014.11.10 07:06:28.981,1.41166,1.41191,1.00,1.69
2014.11.10 07:06:29.709,1.41166,1.41191,1.37,1.69
2014.11.10 07:06:30.064,1.41166,1.41191,1.37,1.31
2014.11.10 07:06:30.634,1.41167,1.41191,1.37,1.19
2014.11.10 07:06:30.977,1.41166,1.41191,1.87,1.19
2014.11.10 07:06:31.926,1.41165,1.41191,1.37,1.69
2014.11.10 07:06:32.077,1.41166,1.41193,1.37,1.81
2014.11.10 07:06:32.128,1.41166,1.41193,1.37,1.50
2014.11.10 07:06:32.805,1.41165,1.41194,1.87,1.37
2014.11.10 07:06:32.907,1.41167,1.41196,1.81,1.25
2014.11.10 07:06:33.416,1.41171,1.41199,1.37,2.25
2014.11.10 07:06:33.835,1.41173,1.41199,1.37,1.44
2014.11.10 07:06:33.886,1.41173,1.41203,1.50,1.75
2014.11.10 07:06:33.937,1.41176,1.41203,1.50,1.37
2014.11.10 07:06:34.089,1.41181,1.41207,1.00,1.50
2014.11.10 07:06:34.241,1.41179,1.41209,1.12,1.37
2014.11.10 07:06:34.996,1.41181,1.41211,1.62,1.56
2014.11.10 07:06:35.846,1.41179,1.4121,2.25,1.56
2014.11.10 07:06:36.441,1.41178,1.41211,1.12,1.69
2014.11.10 07:06:36.974,1.4118,1.41211,1.75,2.06
2014.11.10 07:06:37.514,1.41179,1.41211,1.87,2.06
2014.11.10 07:06:38.129,1.41179,1.41211,2.25,2.06
2014.11.10 07:06:38.543,1.4118,1.41211,1.75,1.69
2014.11.10 07:06:39.048,1.41184,1.41214,1.12,1.94
2014.11.10 07:06:40.237,1.41184,1.41213,1.00,1.69
2014.11.10 07:06:40.576,1.41183,1.41213,1.87,1.94
2014.11.10 07:06:43.007,1.41183,1.41213,1.87,1.94
2014.11.10 07:06:44.185,1.41183,1.41212,1.12,1.31
2014.11.10 07:06:44.749,1.41183,1.41212,1.75,1.31
2014.11.10 07:06:45.103,1.41183,1.41212,1.56,1.31
2014.11.10 07:06:45.655,1.41183,1.41212,1.56,1.25
2014.11.10 07:06:48.315,1.41186,1.41214,1.12,1.19
2014.11.10 07:06:48.518,1.41186,1.41215,1.87,2.44
2014.11.10 07:06:48.922,1.4119,1.41217,1.50,1.87
2014.11.10 07:06:50.245,1.41191,1.41218,1.00,2.06
2014.11.10 07:06:50.760,1.41192,1.41218,1.00,2.25
2014.11.10 07:06:51.337,1.41193,1.41218,1.00,1.50
2014.11.10 07:06:51.438,1.41193,1.41219,1.00,1.12
2014.11.10 07:06:52.451,1.41193,1.41219,1.00,1.44
2014.11.10 07:06:53.196,1.41195,1.41219,1.00,1.44
2014.11.10 07:06:53.820,1.41195,1.41219,1.00,1.00
2014.11.10 07:06:53.871,1.41192,1.41219,1.00,1.00
2014.11.10 07:06:55.317,1.41191,1.4122,1.31,1.81
2014.11.10 07:06:55.519,1.41192,1.41217,1.00,1.00
2014.11.10 07:06:56.027,1.41193,1.41219,1.00,1.00
2014.11.10 07:06:56.737,1.41193,1.4122,1.00,1.12
2014.11.10 07:06:57.486,1.41191,1.4122,1.50,1.12
2014.11.10 07:06:58.061,1.41193,1.4122,1.00,1.12
2014.11.10 07:06:58.570,1.41193,1.41219,1.00,1.12
2014.11.10 07:06:58.773,1.41191,1.41216,1.37,1.31
2014.11.10 07:06:58.874,1.41188,1.41216,1.62,2.44
2014.11.10 07:06:59.077,1.41185,1.41215,1.44,2.44
2014.11.10 07:06:59.128,1.41183,1.41213,3.19,1.12
2014.11.10 07:06:59.947,1.41186,1.41213,1.12,1.12
2014.11.10 07:07:00.149,1.41188,1.4121,1.12,1.00
2014.11.10 07:07:00.369,1.41188,1.41214,1.69,1.00
2014.11.10 07:07:00.878,1.4119,1.41215,1.12,1.25
2014.11.10 07:07:01.986,1.41191,1.41218,1.12,1.31
2014.11.10 07:07:02.761,1.41191,1.41218,2.06,1.31
2014.11.10 07:07:03.807,1.41193,1.41218,1.37,1.25
2014.11.10 07:07:04.110,1.41197,1.41219,1.37,1.00
2014.11.10 07:07:04.161,1.41197,1.41223,1.62,1.69
2014.11.10 07:07:04.212,1.41202,1.41223,1.00,1.37
2014.11.10 07:07:04.263,1.41202,1.41225,1.00,1.12
2014.11.10 07:07:04.769,1.41201,1.41227,1.31,2.06
2014.11.10 07:07:05.675,1.412,1.41227,1.87,2.06
2014.11.10 07:07:05.979,1.41197,1.41224,2.06,2.44
2014.11.10 07:07:06.332,1.41196,1.41222,1.50,1.62
2014.11.10 07:07:06.838,1.41195,1.41223,2.06,1.12
2014.11.10 07:07:06.990,1.41199,1.41224,1.31,1.12
2014.11.10 07:07:07.673,1.41199,1.41224,1.25,1.37
2014.11.10 07:07:08.426,1.41198,1.41224,1.25,2.06
2014.11.10 07:07:08.927,1.41195,1.41225,2.06,2.06
2014.11.10 07:07:09.290,1.41196,1.41224,1.00,2.06
2014.11.10 07:07:09.365,1.41198,1.41224,1.00,2.06
2014.11.10 07:07:10.296,1.41198,1.41224,1.00,2.06
2014.11.10 07:07:10.627,1.412,1.41223,1.00,1.69
2014.11.10 07:07:11.299,1.412,1.41222,1.00,1.31
2014.11.10 07:07:12.677,1.41199,1.41221,1.00,1.31
2014.11.10 07:07:13.546,1.412,1.41221,1.00,1.31
2014.11.10 07:07:14.309,1.41201,1.41222,1.00,2.06
2014.11.10 07:07:14.425,1.41199,1.41222,1.00,2.06
2014.11.10 07:07:14.756,1.41201,1.41222,1.00,2.06
2014.11.10 07:07:15.311,1.41201,1.41222,1.00,2.06
2014.11.10 07:07:16.313,1.41201,1.41222,1.00,2.06
2014.11.10 07:07:16.814,1.41201,1.41222,1.00,2.81
2014.11.10 07:07:17.065,1.41199,1.41221,1.00,1.31
2014.11.10 07:07:17.285,1.41203,1.41221,1.00,1.31
2014.11.10 07:07:17.817,1.41203,1.41221,1.00,1.31
2014.11.10 07:07:18.821,1.41203,1.41221,1.00,1.31
2014.11.10 07:07:20.825,1.41203,1.41221,1.00,1.31
2014.11.10 07:07:22.444,1.41203,1.41221,1.00,1.62
2014.11.10 07:07:25.850,1.41203,1.41222,1.00,2.06
2014.11.10 07:07:26.550,1.41202,1.4122,1.00,1.56
2014.11.10 07:07:26.908,1.41201,1.41217,1.00,1.00
2014.11.10 07:07:27.193,1.41199,1.41217,1.00,1.00
2014.11.10 07:07:27.799,1.412,1.41217,1.00,1.00
2014.11.10 07:07:28.836,1.41199,1.41217,1.00,1.31
2014.11.10 07:07:29.051,1.41199,1.41214,1.00,1.00
2014.11.10 07:07:29.203,1.41194,1.41214,1.00,1.37
2014.11.10 07:07:29.405,1.41191,1.41212,1.00,1.31
2014.11.10 07:07:29.506,1.4119,1.41212,1.00,1.62
2014.11.10 07:07:30.011,1.41189,1.4121,1.00,1.12
2014.11.10 07:07:31.181,1.4119,1.4121,1.00,1.31
2014.11.10 07:07:31.289,1.41188,1.4121,1.00,1.31
2014.11.10 07:07:32.616,1.4119,1.41211,1.00,1.69
2014.11.10 07:07:34.238,1.4119,1.41213,1.00,2.06
2014.11.10 07:07:35.906,1.41191,1.41213,1.00,1.56
2014.11.10 07:07:36.234,1.41193,1.41213,1.00,1.56
2014.11.10 07:07:37.008,1.41193,1.41213,1.00,1.56
2014.11.10 07:07:37.554,1.41193,1.41213,1.00,1.31
2014.11.10 07:07:39.758,1.41195,1.41214,1.00,1.56
2014.11.10 07:07:40.402,1.41196,1.41214,1.00,1.31
2014.11.10 07:07:40.911,1.41196,1.41214,1.00,1.31
2014.11.10 07:07:41.436,1.41196,1.41214,1.00,1.62
2014.11.10 07:07:41.487,1.41191,1.41214,1.00,1.62
2014.11.10 07:07:41.538,1.41191,1.41214,1.00,2.06
2014.11.10 07:07:41.925,1.41193,1.41212,1.00,1.37
2014.11.10 07:07:42.847,1.41193,1.41212,1.00,1.62
2014.11.10 07:07:43.369,1.41193,1.41211,1.00,1.62
2014.11.10 07:07:43.870,1.41194,1.41211,1.00,1.31
2014.11.10 07:07:44.174,1.4119,1.41214,1.00,1.87
2014.11.10 07:07:44.490,1.41194,1.41214,1.00,1.44
2014.11.10 07:07:46.588,1.41195,1.41214,1.00,1.56
2014.11.10 07:07:46.840,1.41195,1.41215,1.00,1.31
2014.11.10 07:07:47.326,1.41198,1.41218,1.00,1.69
2014.11.10 07:07:47.478,1.412,1.41221,1.00,2.44
2014.11.10 07:07:47.680,1.41197,1.41221,1.50,1.31
2014.11.10 07:07:47.782,1.41199,1.41221,1.00,1.69
2014.11.10 07:07:48.237,1.41197,1.41221,1.00,2.06
2014.11.10 07:07:50.174,1.41196,1.41218,1.00,1.12
2014.11.10 07:07:50.958,1.41196,1.41218,1.00,1.37
2014.11.10 07:07:51.755,1.41195,1.41219,1.00,1.62
2014.11.10 07:07:52.924,1.41197,1.41219,1.00,1.56
2014.11.10 07:07:53.680,1.41197,1.41219,1.00,1.56
2014.11.10 07:07:54.005,1.41197,1.41219,1.00,2.06
2014.11.10 07:07:54.354,1.41197,1.41219,1.00,2.06
2014.11.10 07:07:56.341,1.41195,1.41219,1.00,2.06
2014.11.10 07:07:57.764,1.41196,1.41219,1.00,2.06
2014.11.10 07:07:58.394,1.41196,1.41219,1.00,1.62
2014.11.10 07:07:58.647,1.41193,1.41216,1.00,1.62
2014.11.10 07:07:58.698,1.41193,1.41216,1.00,2.06
2014.11.10 07:07:58.800,1.41191,1.41213,1.00,1.12
2014.11.10 07:07:59.103,1.41188,1.4121,1.00,1.00
2014.11.10 07:07:59.205,1.41187,1.4121,1.00,1.37
2014.11.10 07:07:59.762,1.41187,1.4121,1.00,1.37
2014.11.10 07:08:00.068,1.41189,1.4121,1.00,1.37
2014.11.10 07:08:00.322,1.41187,1.41211,1.00,1.56
2014.11.10 07:08:00.556,1.41189,1.41211,1.00,1.56
2014.11.10 07:08:01.271,1.41189,1.41211,1.00,1.56
2014.11.10 07:08:01.574,1.41192,1.4121,1.00,1.25
2014.11.10 07:08:02.072,1.4119,1.4121,1.00,1.69
2014.11.10 07:08:02.174,1.41184,1.4121,1.00,3.56
2014.11.10 07:08:02.275,1.41182,1.41207,1.12,1.62
2014.11.10 07:08:02.477,1.41179,1.41202,1.37,1.00
2014.11.10 07:08:03.063,1.41181,1.41202,1.00,1.00
2014.11.10 07:08:03.646,1.41181,1.41205,1.00,3.19
2014.11.10 07:08:04.518,1.41182,1.41205,1.00,3.19
2014.11.10 07:08:05.055,1.41183,1.41205,1.00,3.19
2014.11.10 07:08:05.571,1.41183,1.41205,1.00,3.94
2014.11.10 07:08:05.773,1.41177,1.412,1.00,1.56
2014.11.10 07:08:05.824,1.41175,1.41196,1.00,1.12
2014.11.10 07:08:06.536,1.41176,1.41196,1.00,1.12
2014.11.10 07:08:07.231,1.41172,1.41197,1.50,1.62
2014.11.10 07:08:07.335,1.41176,1.41197,1.00,1.62
2014.11.10 07:08:07.444,1.41173,1.41197,1.00,1.62
2014.11.10 07:08:07.721,1.41171,1.41195,1.50,1.56
2014.11.10 07:08:07.823,1.41169,1.41195,1.87,1.62
2014.11.10 07:08:07.874,1.41169,1.4119,1.12,1.00
2014.11.10 07:08:08.177,1.41167,1.4119,1.00,1.62
2014.11.10 07:08:08.698,1.41167,1.4119,1.00,1.62
2014.11.10 07:08:09.647,1.41166,1.41191,1.00,1.69
2014.11.10 07:08:10.094,1.41168,1.41191,1.00,1.69
2014.11.10 07:08:10.765,1.41167,1.41191,1.00,1.69
2014.11.10 07:08:11.300,1.41168,1.41191,1.00,1.69
2014.11.10 07:08:12.216,1.41169,1.41191,1.00,1.69
2014.11.10 07:08:12.393,1.41167,1.41191,1.00,1.69
2014.11.10 07:08:12.744,1.41169,1.41191,1.00,1.69
2014.11.10 07:08:12.845,1.41166,1.41191,1.12,1.69
2014.11.10 07:08:13.353,1.41166,1.41191,1.12,1.69
2014.11.10 07:08:13.824,1.41168,1.41191,1.00,1.69
2014.11.10 07:08:14.635,1.41169,1.41191,1.00,1.69
2014.11.10 07:08:14.737,1.41162,1.41189,1.00,1.12
2014.11.10 07:08:14.838,1.41163,1.41191,1.50,5.25
2014.11.10 07:08:15.142,1.41165,1.41191,1.50,4.87
2014.11.10 07:08:15.495,1.41168,1.41191,1.00,4.87
2014.11.10 07:08:15.803,1.4117,1.41188,1.37,1.00
2014.11.10 07:08:15.854,1.4117,1.41191,1.37,1.00
2014.11.10 07:08:15.956,1.41172,1.41194,1.00,1.00
2014.11.10 07:08:16.522,1.41173,1.41197,1.00,1.65
2014.11.10 07:08:17.233,1.41173,1.41198,1.00,1.56
2014.11.10 07:08:20.225,1.41173,1.41198,1.00,2.06
2014.11.10 07:08:21.013,1.41171,1.41198,2.06,2.06
2014.11.10 07:08:22.763,1.41171,1.41196,1.75,1.94
2014.11.10 07:08:22.814,1.41171,1.41193,1.00,2.25
2014.11.10 07:08:22.916,1.41167,1.41189,1.00,1.12
2014.11.10 07:08:23.018,1.41165,1.4119,1.25,1.50
2014.11.10 07:08:23.728,1.41163,1.41188,1.00,1.62
2014.11.10 07:08:24.927,1.41163,1.4119,1.00,4.65
2014.11.10 07:08:25.437,1.41162,1.41189,1.11,1.69
2014.11.10 07:08:25.942,1.41161,1.41188,2.17,1.31
2014.11.10 07:08:26.475,1.41162,1.41186,1.31,1.37
2014.11.10 07:08:27.254,1.4116,1.41186,2.06,1.37
2014.11.10 07:08:27.796,1.41162,1.41187,1.00,1.62
2014.11.10 07:08:28.309,1.41161,1.41187,1.25,1.69
2014.11.10 07:08:28.815,1.41161,1.41187,2.06,1.87
2014.11.10 07:08:29.361,1.41161,1.41187,2.06,1.69
2014.11.10 07:08:30.280,1.41161,1.41187,2.06,1.37
2014.11.10 07:08:30.483,1.41162,1.41187,1.25,1.12
2014.11.10 07:08:33.342,1.41162,1.41189,1.50,1.56
2014.11.10 07:08:33.645,1.41167,1.4119,1.00,2.06
2014.11.10 07:08:33.696,1.41163,1.4119,1.87,2.06
2014.11.10 07:08:34.096,1.41163,1.41188,1.12,1.91
2014.11.10 07:08:34.248,1.41158,1.41181,1.00,1.00
2014.11.10 07:08:34.299,1.41158,1.41181,1.00,1.69
2014.11.10 07:08:34.350,1.41154,1.4118,1.15,1.56
2014.11.10 07:08:34.856,1.41155,1.41179,1.00,1.56
2014.11.10 07:08:34.907,1.41155,1.41182,1.00,3.56
2014.11.10 07:08:35.384,1.41153,1.4118,1.25,1.56
2014.11.10 07:08:35.486,1.41155,1.4118,1.00,1.56
2014.11.10 07:08:35.993,1.41153,1.41181,1.25,1.69
2014.11.10 07:08:36.541,1.41154,1.41181,1.25,1.69
2014.11.10 07:08:37.050,1.41154,1.41179,1.25,1.31
2014.11.10 07:08:37.903,1.41154,1.41179,1.00,1.31
2014.11.10 07:08:39.256,1.41154,1.41178,1.00,1.69
2014.11.10 07:08:39.307,1.41152,1.41178,1.25,1.69
2014.11.10 07:08:40.002,1.41152,1.41178,1.62,1.69
2014.11.10 07:08:44.566,1.41151,1.41178,1.56,1.25
2014.11.10 07:08:45.343,1.41154,1.41178,1.00,1.25
2014.11.10 07:08:46.063,1.41154,1.41181,1.00,2.81
2014.11.10 07:08:46.884,1.41153,1.41181,1.31,3.56
2014.11.10 07:08:47.472,1.41156,1.4118,1.00,1.31
2014.11.10 07:08:47.978,1.41154,1.4118,1.19,1.31
2014.11.10 07:08:48.609,1.41154,1.4118,1.00,1.31
2014.11.10 07:08:49.563,1.41155,1.41181,1.00,1.31
2014.11.10 07:08:49.879,1.41155,1.41181,1.37,1.19
2014.11.10 07:08:50.614,1.41154,1.41181,1.62,1.19
2014.11.10 07:08:51.024,1.41154,1.41182,1.31,1.31
2014.11.10 07:08:51.529,1.41154,1.41181,1.69,1.50
2014.11.10 07:08:51.875,1.41154,1.41181,1.56,1.87
2014.11.10 07:08:53.322,1.41154,1.41181,1.12,1.31
2014.11.10 07:08:53.626,1.41152,1.41179,3.56,1.31
2014.11.10 07:08:56.528,1.41153,1.41179,1.12,1.19
2014.11.10 07:08:56.893,1.41153,1.41181,1.75,1.94
2014.11.10 07:08:56.995,1.41157,1.41183,1.31,1.00
2014.11.10 07:08:57.096,1.4116,1.41186,1.37,2.25
2014.11.10 07:08:57.198,1.41162,1.41187,1.12,1.31
2014.11.10 07:08:58.578,1.41161,1.41187,1.87,1.31
2014.11.10 07:08:59.513,1.41162,1.41187,1.50,1.19
2014.11.10 07:08:59.615,1.41166,1.41191,1.00,1.69
2014.11.10 07:09:00.133,1.41167,1.41192,1.00,2.06
2014.11.10 07:09:00.544,1.41167,1.41193,1.00,2.06
2014.11.10 07:09:00.778,1.41168,1.41193,1.37,1.56
2014.11.10 07:09:00.880,1.41172,1.41195,1.31,1.00
2014.11.10 07:09:01.032,1.41174,1.41199,1.00,1.19
2014.11.10 07:09:01.234,1.41176,1.41199,1.12,1.50
2014.11.10 07:09:01.336,1.41177,1.41201,1.12,1.25
2014.11.10 07:09:01.847,1.41178,1.41201,1.00,1.25
2014.11.10 07:09:02.553,1.41178,1.41201,1.00,1.19
2014.11.10 07:09:04.560,1.41178,1.41202,1.00,1.91
2014.11.10 07:09:05.609,1.41178,1.41202,1.00,2.66
2014.11.10 07:09:06.242,1.41178,1.41202,1.00,2.66
2014.11.10 07:09:06.494,1.41176,1.41199,1.00,1.12
2014.11.10 07:09:07.039,1.41177,1.41199,1.00,1.25
2014.11.10 07:09:07.123,1.41174,1.41199,1.50,1.25
2014.11.10 07:09:08.466,1.41173,1.41199,2.06,1.62
2014.11.10 07:09:08.870,1.41174,1.41201,1.50,2.06
2014.11.10 07:09:09.875,1.41177,1.41202,1.00,1.91
2014.11.10 07:09:11.882,1.41177,1.41202,1.00,1.16
2014.11.10 07:09:12.514,1.41178,1.41202,1.00,1.16
2014.11.10 07:09:13.063,1.41178,1.41202,1.12,1.49
2014.11.10 07:09:13.605,1.41177,1.41202,1.00,1.16
2014.11.10 07:09:13.909,1.41176,1.41201,1.12,1.69
2014.11.10 07:09:14.423,1.41176,1.41201,1.37,1.31
2014.11.10 07:09:14.928,1.41176,1.41201,1.12,2.06
2014.11.10 07:09:15.287,1.41173,1.41199,1.31,1.69
2014.11.10 07:09:15.338,1.41173,1.41199,1.12,2.06
2014.11.10 07:09:16.180,1.41171,1.41198,1.31,2.06
2014.11.10 07:09:16.690,1.41171,1.41197,1.00,1.31
2014.11.10 07:09:16.842,1.41167,1.41193,1.87,1.00
2014.11.10 07:09:17.163,1.41166,1.41193,1.81,2.06
2014.11.10 07:09:17.842,1.41168,1.41192,1.00,1.62
2014.11.10 07:09:19.006,1.41165,1.41192,2.06,2.06
2014.11.10 07:09:20.707,1.41166,1.41192,1.25,2.06
2014.11.10 07:09:20.860,1.41164,1.4119,2.06,1.12
2014.11.10 07:09:21.265,1.41164,1.41191,2.06,1.62
2014.11.10 07:09:22.164,1.41166,1.41192,1.12,1.19
2014.11.10 07:09:23.024,1.41166,1.41192,1.19,1.12
2014.11.10 07:09:23.539,1.41166,1.41192,1.31,1.37
2014.11.10 07:09:24.019,1.41164,1.41192,2.06,1.56
2014.11.10 07:09:24.558,1.41164,1.41192,2.06,1.56
2014.11.10 07:09:25.065,1.41165,1.41192,1.62,1.37
2014.11.10 07:09:25.166,1.41166,1.41193,1.37,1.25
2014.11.10 07:09:25.668,1.41166,1.41193,1.37,1.25
2014.11.10 07:09:26.180,1.41167,1.41194,1.31,1.31
2014.11.10 07:09:26.753,1.41165,1.41193,2.06,1.31
2014.11.10 07:09:27.397,1.41167,1.41195,1.25,1.31
2014.11.10 07:09:28.034,1.41166,1.41193,1.62,1.31
2014.11.10 07:09:28.624,1.41168,1.41194,1.00,1.19
2014.11.10 07:09:29.475,1.41167,1.41194,1.25,1.69
2014.11.10 07:09:30.281,1.41167,1.41194,1.37,1.69
2014.11.10 07:09:30.716,1.41167,1.41194,1.00,1.69
2014.11.10 07:09:31.121,1.41165,1.41193,1.00,3.00
2014.11.10 07:09:31.692,1.41166,1.41193,1.00,3.00
2014.11.10 07:09:32.047,1.41166,1.41193,1.00,1.50
2014.11.10 07:09:32.500,1.41166,1.41193,1.00,1.31
2014.11.10 07:09:33.082,1.41165,1.41193,1.31,1.31
2014.11.10 07:09:36.865,1.41166,1.41192,1.00,1.12
2014.11.10 07:09:37.499,1.41167,1.41194,1.00,3.75
2014.11.10 07:09:37.853,1.41167,1.41192,1.12,1.44
2014.11.10 07:09:37.904,1.41167,1.41192,2.81,1.25
2014.11.10 07:09:38.214,1.41175,1.41199,1.00,1.12
2014.11.10 07:09:38.732,1.41175,1.41201,1.00,1.87
2014.11.10 07:09:39.663,1.41175,1.412,1.00,1.12
2014.11.10 07:09:39.714,1.41173,1.41198,1.00,1.62
2014.11.10 07:09:40.012,1.41175,1.41198,1.00,1.62
2014.11.10 07:09:42.249,1.41171,1.41199,1.12,2.62
2014.11.10 07:09:42.452,1.41175,1.41198,1.00,1.50
2014.11.10 07:09:42.666,1.41173,1.41199,1.00,3.37
2014.11.10 07:09:42.768,1.41173,1.41199,1.00,3.37
2014.11.10 07:09:42.923,1.41176,1.41198,1.00,1.00
2014.11.10 07:09:43.227,1.41173,1.41197,1.00,1.37
2014.11.10 07:09:43.531,1.41173,1.41196,1.00,1.56
2014.11.10 07:09:43.582,1.4117,1.41196,1.00,1.56
2014.11.10 07:09:44.115,1.41169,1.41196,1.00,1.56
2014.11.10 07:09:44.166,1.41169,1.41194,1.00,1.94
2014.11.10 07:09:44.217,1.41164,1.41192,1.69,1.37
2014.11.10 07:09:44.762,1.41162,1.41189,1.62,1.62
2014.11.10 07:09:46.341,1.41165,1.41188,1.00,1.12
2014.11.10 07:09:47.677,1.41165,1.41192,1.12,1.31
2014.11.10 07:09:50.206,1.41167,1.41191,1.12,1.69
2014.11.10 07:09:50.511,1.41171,1.41198,1.56,3.56
2014.11.10 07:09:50.612,1.41172,1.41198,1.25,1.87
2014.11.10 07:09:51.017,1.41173,1.41197,1.00,3.00
2014.11.10 07:09:51.067,1.41167,1.41195,1.00,2.62
2014.11.10 07:09:51.118,1.41166,1.41192,1.50,1.50
2014.11.10 07:09:51.624,1.4117,1.41188,1.00,1.00
2014.11.10 07:09:52.172,1.41169,1.41188,1.00,1.00
2014.11.10 07:09:52.723,1.41169,1.41189,1.00,1.00
2014.11.10 07:09:53.188,1.41171,1.41193,1.00,2.06
2014.11.10 07:09:53.239,1.41171,1.41193,1.00,1.25
2014.11.10 07:09:53.847,1.41172,1.41193,1.00,1.31
2014.11.10 07:09:54.413,1.41172,1.41194,1.00,1.31
2014.11.10 07:09:56.390,1.41172,1.41196,1.00,1.56
2014.11.10 07:09:56.857,1.41172,1.41196,1.00,1.69
2014.11.10 07:09:57.483,1.41173,1.41195,1.00,1.31
2014.11.10 07:09:58.347,1.41172,1.41195,1.00,1.31
2014.11.10 07:09:58.856,1.41173,1.41195,1.00,1.25
2014.11.10 07:10:01.406,1.41173,1.41196,1.00,1.25
2014.11.10 07:10:01.986,1.41174,1.41196,1.00,1.25
2014.11.10 07:10:02.527,1.41173,1.41196,1.12,1.25
2014.11.10 07:10:04.048,1.41173,1.41198,1.12,3.19
2014.11.10 07:10:04.099,1.41173,1.41198,1.00,3.19
2014.11.10 07:10:04.647,1.41175,1.41198,1.00,2.81
2014.11.10 07:10:07.573,1.41174,1.41198,1.00,2.06
2014.11.10 07:10:13.122,1.41174,1.41198,1.00,1.56
2014.11.10 07:10:14.723,1.41176,1.41198,1.00,1.62
2014.11.10 07:10:15.150,1.41176,1.41198,1.00,1.31
2014.11.10 07:10:16.171,1.41176,1.41198,1.00,1.37
2014.11.10 07:10:17.031,1.41176,1.41198,1.00,1.62
2014.11.10 07:10:17.083,1.41174,1.41198,1.00,1.62
2014.11.10 07:10:18.144,1.41174,1.41198,1.00,1.56
2014.11.10 07:10:18.704,1.41174,1.41197,1.00,1.62
2014.11.10 07:10:19.226,1.41173,1.41197,1.00,1.62
2014.11.10 07:10:20.040,1.41176,1.41197,1.00,1.62
2014.11.10 07:10:20.344,1.41179,1.41203,1.00,2.44
2014.11.10 07:10:20.865,1.41178,1.41203,1.00,2.81
2014.11.10 07:10:22.667,1.41178,1.41203,1.00,1.94
2014.11.10 07:10:23.169,1.41178,1.41203,1.00,1.69
2014.11.10 07:10:23.742,1.41179,1.41203,1.00,1.69
2014.11.10 07:10:24.307,1.41178,1.41203,1.00,1.69
2014.11.10 07:10:25.215,1.41176,1.41203,1.00,2.44
2014.11.10 07:10:26.777,1.41176,1.41202,1.00,1.56
2014.11.10 07:10:27.297,1.41177,1.41204,1.00,2.81
2014.11.10 07:10:30.490,1.41178,1.41203,1.00,1.69
2014.11.10 07:10:32.102,1.41177,1.41203,1.00,1.69
2014.11.10 07:10:32.872,1.41176,1.41203,1.00,1.69
2014.11.10 07:10:33.949,1.41176,1.41202,1.00,1.56
2014.11.10 07:10:34.452,1.41175,1.41202,1.00,1.56
2014.11.10 07:10:35.402,1.41176,1.41202,1.00,1.56
2014.11.10 07:10:36.008,1.41176,1.41203,1.00,2.81
2014.11.10 07:10:36.529,1.41177,1.41203,1.00,2.06
2014.11.10 07:10:40.024,1.41176,1.41203,1.00,2.06
2014.11.10 07:10:40.671,1.41177,1.41203,1.00,3.94
2014.11.10 07:10:41.675,1.41179,1.41202,1.00,1.69
2014.11.10 07:10:42.491,1.41181,1.41203,1.00,3.19
2014.11.10 07:10:43.269,1.41181,1.41203,1.00,2.81
2014.11.10 07:10:43.891,1.41181,1.41203,1.00,2.06
2014.11.10 07:10:49.925,1.41182,1.41205,1.00,3.94
2014.11.10 07:10:54.067,1.41182,1.41203,1.00,1.56
2014.11.10 07:10:55.353,1.41179,1.41205,1.00,2.81
2014.11.10 07:10:55.872,1.41178,1.41203,1.00,1.37
2014.11.10 07:10:56.272,1.41178,1.41203,1.00,1.37
2014.11.10 07:10:56.677,1.41176,1.41203,1.00,2.06
2014.11.10 07:10:57.202,1.41176,1.41203,1.00,2.44
2014.11.10 07:10:57.796,1.41176,1.41203,1.00,3.94
2014.11.10 07:10:58.341,1.41176,1.41202,1.00,2.44
2014.11.10 07:11:03.585,1.41176,1.412,1.00,1.56
2014.11.10 07:11:10.625,1.41176,1.412,1.00,1.37
2014.11.10 07:11:11.597,1.41176,1.412,1.00,1.56
2014.11.10 07:11:12.143,1.41176,1.41201,1.00,1.56
2014.11.10 07:11:12.412,1.41178,1.41201,1.00,1.56
2014.11.10 07:11:12.564,1.41176,1.41201,1.00,1.56
2014.11.10 07:11:14.172,1.41174,1.41201,1.00,2.81
2014.11.10 07:11:14.833,1.41173,1.41201,1.12,3.56
2014.11.10 07:11:15.388,1.41172,1.412,1.25,1.56
2014.11.10 07:11:16.278,1.41172,1.41197,1.00,2.06
2014.11.10 07:11:17.267,1.41172,1.41197,1.00,2.06
2014.11.10 07:11:18.645,1.41171,1.41196,2.06,1.00
2014.11.10 07:11:19.215,1.41172,1.41196,1.37,1.00
2014.11.10 07:11:19.721,1.41172,1.41196,1.12,1.00
2014.11.10 07:11:20.042,1.41171,1.41197,1.00,2.06
2014.11.10 07:11:20.566,1.41171,1.41197,1.00,2.06
2014.11.10 07:11:21.071,1.41169,1.41194,2.06,1.37
2014.11.10 07:11:21.173,1.41169,1.41196,1.31,1.62
2014.11.10 07:11:21.730,1.41172,1.41199,1.00,2.25
2014.11.10 07:11:22.270,1.41171,1.41199,1.31,1.81
2014.11.10 07:11:22.423,1.41173,1.412,1.00,1.12
2014.11.10 07:11:22.935,1.41172,1.41201,1.50,3.19
2014.11.10 07:11:24.123,1.41172,1.41197,1.12,1.37
2014.11.10 07:11:25.826,1.41172,1.41198,1.12,1.62
2014.11.10 07:11:26.928,1.41172,1.41199,1.00,1.56
2014.11.10 07:11:30.234,1.4117,1.41197,2.44,1.37
2014.11.10 07:11:31.220,1.41171,1.41198,1.31,1.62
2014.11.10 07:11:31.757,1.4117,1.41197,2.06,1.37
2014.11.10 07:11:32.284,1.4117,1.41196,1.31,1.37
2014.11.10 07:11:33.741,1.41171,1.41198,1.25,1.81
2014.11.10 07:11:34.065,1.41171,1.41197,1.69,1.62
2014.11.10 07:11:34.576,1.41169,1.41196,1.25,1.56
2014.11.10 07:11:35.202,1.41169,1.41196,1.19,1.62
2014.11.10 07:11:35.557,1.41169,1.41196,1.31,1.62
2014.11.10 07:11:35.709,1.41173,1.41195,1.25,1.37
2014.11.10 07:11:35.861,1.41178,1.41202,1.31,2.25
2014.11.10 07:11:35.912,1.41179,1.41202,1.19,1.12
2014.11.10 07:11:35.962,1.41179,1.41206,1.31,1.56
2014.11.10 07:11:36.468,1.41181,1.41208,1.00,1.37
2014.11.10 07:11:36.569,1.41179,1.41203,1.25,1.00
2014.11.10 07:11:37.537,1.41177,1.41203,1.25,1.69
2014.11.10 07:11:37.588,1.41177,1.41203,1.31,1.62
2014.11.10 07:11:39.673,1.41177,1.41203,1.62,1.62
2014.11.10 07:11:41.992,1.41177,1.41204,1.31,2.62
2014.11.10 07:11:43.865,1.41177,1.41204,2.06,1.87
2014.11.10 07:11:44.421,1.4118,1.41205,1.00,2.06
2014.11.10 07:11:44.811,1.41178,1.41204,1.87,1.87
2014.11.10 07:11:45.314,1.41178,1.41204,1.87,1.37
2014.11.10 07:11:46.002,1.41177,1.41203,1.62,1.87
2014.11.10 07:11:46.556,1.41177,1.41203,1.56,1.87
2014.11.10 07:11:47.259,1.41177,1.41203,1.62,1.37
2014.11.10 07:11:49.799,1.41176,1.41203,2.81,1.62
2014.11.10 07:11:49.849,1.41176,1.41203,2.81,1.81
2014.11.10 07:11:49.901,1.41176,1.41203,2.25,1.75
2014.11.10 07:11:50.003,1.41173,1.41199,1.69,1.81
2014.11.10 07:11:50.307,1.4117,1.41196,1.31,1.62
2014.11.10 07:11:51.258,1.41169,1.41195,1.25,1.62
2014.11.10 07:11:51.815,1.41169,1.41195,1.25,1.62
2014.11.10 07:11:53.488,1.41169,1.41195,1.25,2.06
2014.11.10 07:11:55.270,1.41168,1.41195,1.25,2.06
2014.11.10 07:11:57.243,1.41168,1.41193,1.25,1.00
2014.11.10 07:11:57.781,1.41168,1.41193,1.00,1.19
2014.11.10 07:11:58.086,1.41164,1.41186,1.00,1.56
2014.11.10 07:11:58.137,1.4116,1.41186,1.00,1.56
2014.11.10 07:11:58.188,1.4116,1.41184,1.00,1.56
2014.11.10 07:11:58.289,1.41159,1.41182,1.00,1.00
2014.11.10 07:11:58.643,1.41157,1.41185,1.50,1.37
2014.11.10 07:11:58.744,1.41159,1.41186,1.00,1.37
2014.11.10 07:11:59.421,1.41159,1.41186,1.00,1.81
2014.11.10 07:12:01.031,1.4116,1.41186,1.00,1.81
2014.11.10 07:12:01.142,1.41158,1.41185,1.69,1.31
2014.11.10 07:12:01.496,1.41161,1.41187,1.00,1.87
2014.11.10 07:12:01.699,1.41159,1.41186,1.00,1.50
2014.11.10 07:12:02.201,1.41158,1.41185,1.69,1.25
2014.11.10 07:12:03.500,1.41158,1.41185,1.69,1.00
2014.11.10 07:12:04.014,1.41159,1.41186,1.69,1.25
2014.11.10 07:12:04.216,1.41161,1.41187,1.00,1.50
2014.11.10 07:12:05.005,1.41161,1.41187,1.69,1.31
2014.11.10 07:12:05.355,1.41164,1.4119,1.25,1.50
2014.11.10 07:12:05.659,1.41165,1.41191,1.00,1.87
2014.11.10 07:12:05.812,1.41163,1.41188,1.50,1.56
2014.11.10 07:12:05.863,1.41162,1.41187,1.25,1.62
2014.11.10 07:12:06.311,1.4116,1.41187,1.31,1.69
2014.11.10 07:12:07.443,1.41157,1.41183,1.19,1.62
2014.11.10 07:12:07.645,1.41158,1.41184,1.25,1.56
2014.11.10 07:12:08.172,1.41159,1.41186,1.87,1.69
2014.11.10 07:12:08.518,1.41159,1.41186,2.06,1.69
2014.11.10 07:12:10.861,1.41158,1.41185,1.69,1.37
2014.11.10 07:12:11.739,1.41156,1.41185,2.44,2.25
2014.11.10 07:12:12.281,1.41156,1.41185,1.69,2.25
2014.11.10 07:12:12.382,1.41156,1.41185,1.69,2.25
2014.11.10 07:12:12.635,1.41159,1.41185,1.87,1.31
2014.11.10 07:12:13.145,1.41159,1.41186,2.81,1.62
2014.11.10 07:12:13.734,1.41159,1.41186,2.81,1.37
2014.11.10 07:12:14.084,1.41159,1.41186,1.69,1.87
2014.11.10 07:12:14.736,1.41159,1.41186,1.69,2.06
2014.11.10 07:12:15.739,1.41159,1.41186,1.50,2.06
2014.11.10 07:12:16.544,1.41159,1.41186,2.25,1.62
2014.11.10 07:12:17.047,1.41159,1.41185,1.25,1.69
2014.11.10 07:12:17.702,1.41162,1.41186,1.00,1.94
2014.11.10 07:12:18.711,1.41164,1.41187,1.00,1.25
2014.11.10 07:12:18.914,1.41165,1.41191,1.50,1.31
2014.11.10 07:12:19.016,1.41167,1.41194,2.44,2.25
2014.11.10 07:12:19.319,1.4117,1.41196,1.87,1.87
2014.11.10 07:12:19.846,1.41171,1.41195,1.50,1.12
2014.11.10 07:12:19.999,1.41168,1.41192,1.25,1.37
2014.11.10 07:12:22.385,1.41167,1.41194,3.56,1.69
2014.11.10 07:12:22.536,1.4117,1.41194,1.00,1.69
2014.11.10 07:12:23.781,1.4117,1.41195,1.00,1.31
2014.11.10 07:12:24.444,1.41171,1.41196,1.00,1.12
2014.11.10 07:12:24.984,1.41172,1.41194,1.00,1.37
2014.11.10 07:12:25.537,1.41172,1.41194,1.00,1.00
2014.11.10 07:12:27.027,1.41172,1.41195,1.50,1.00
2014.11.10 07:12:27.827,1.41172,1.41196,1.50,1.12
2014.11.10 07:12:28.309,1.41169,1.41195,1.69,2.25
2014.11.10 07:12:28.427,1.41172,1.41195,1.00,1.50
2014.11.10 07:12:28.531,1.41169,1.41195,1.69,2.25
2014.11.10 07:12:28.740,1.41172,1.41194,1.00,1.37
2014.11.10 07:12:29.830,1.41172,1.41194,1.00,1.12
2014.11.10 07:12:30.458,1.41174,1.41196,1.00,2.06
2014.11.10 07:12:31.311,1.41173,1.41195,1.00,1.50
2014.11.10 07:12:31.971,1.41172,1.41195,1.00,1.50
2014.11.10 07:12:32.477,1.41173,1.41196,1.00,2.06
2014.11.10 07:12:32.995,1.41174,1.41196,1.00,1.87
2014.11.10 07:12:35.834,1.41174,1.41195,1.00,1.00
2014.11.10 07:12:36.087,1.41174,1.41197,1.12,1.69
2014.11.10 07:12:36.340,1.41176,1.41198,1.00,1.00
2014.11.10 07:12:36.740,1.41177,1.41201,1.87,1.37
2014.11.10 07:12:36.791,1.41179,1.41202,1.00,1.00
2014.11.10 07:12:37.094,1.41181,1.41203,1.00,1.12
2014.11.10 07:12:37.689,1.41181,1.41204,1.00,4.12
2014.11.10 07:12:38.942,1.41181,1.41203,1.00,1.50
2014.11.10 07:12:38.993,1.41179,1.41203,1.25,2.06
2014.11.10 07:12:39.296,1.41181,1.41203,1.00,1.69
2014.11.10 07:12:40.160,1.4118,1.41202,1.00,1.00
2014.11.10 07:12:40.769,1.41182,1.41204,1.00,1.50
2014.11.10 07:12:41.089,1.4118,1.41202,1.00,1.00
2014.11.10 07:12:41.393,1.41175,1.41198,2.81,1.00
2014.11.10 07:12:41.448,1.41175,1.41198,1.00,1.00
2014.11.10 07:12:41.600,1.41174,1.41197,1.87,1.00
2014.11.10 07:12:41.702,1.41177,1.412,1.12,2.44
2014.11.10 07:12:41.955,1.41179,1.41201,1.00,1.31
2014.11.10 07:12:42.604,1.4118,1.41202,1.00,1.87
2014.11.10 07:12:43.139,1.4118,1.41203,1.12,1.56
2014.11.10 07:12:43.646,1.41181,1.41203,1.25,1.00
2014.11.10 07:12:43.949,1.41175,1.41198,4.12,1.00
2014.11.10 07:12:44.000,1.41175,1.41198,2.25,1.12
2014.11.10 07:12:44.152,1.41174,1.41196,1.00,1.50
2014.11.10 07:12:44.354,1.41172,1.41196,1.25,1.87
2014.11.10 07:12:45.234,1.41173,1.41196,1.00,2.62
2014.11.10 07:12:45.923,1.41174,1.41196,1.00,1.69
2014.11.10 07:12:48.095,1.41174,1.41196,1.50,1.69
2014.11.10 07:12:48.453,1.41174,1.41195,1.62,1.00
2014.11.10 07:12:48.554,1.41174,1.41197,1.69,1.00
2014.11.10 07:12:48.605,1.41176,1.41197,1.00,1.00
2014.11.10 07:12:48.988,1.41174,1.41197,1.69,1.50
2014.11.10 07:12:49.292,1.41173,1.41195,1.00,1.00
2014.11.10 07:12:49.992,1.41174,1.41195,1.00,1.00
2014.11.10 07:12:50.550,1.41174,1.41194,1.00,1.12
2014.11.10 07:12:50.702,1.4117,1.41194,1.19,1.50
2014.11.10 07:12:50.803,1.4117,1.41194,1.00,1.50
2014.11.10 07:12:51.327,1.4117,1.41193,1.00,1.00
2014.11.10 07:12:51.862,1.41169,1.41192,1.25,1.00
2014.11.10 07:12:52.419,1.41169,1.41194,1.00,1.69
2014.11.10 07:12:52.951,1.4117,1.41193,1.87,1.00
2014.11.10 07:12:53.774,1.41171,1.41194,1.00,1.31
2014.11.10 07:12:57.209,1.41172,1.41195,1.00,1.50
2014.11.10 07:12:57.312,1.41172,1.41194,1.00,1.31
2014.11.10 07:12:57.363,1.4117,1.41191,1.50,1.00
2014.11.10 07:12:57.413,1.4117,1.41191,1.00,2.06
2014.11.10 07:12:57.464,1.41164,1.4119,1.69,2.00
2014.11.10 07:12:57.666,1.41162,1.41186,1.81,1.00
2014.11.10 07:12:58.551,1.41165,1.41187,1.00,1.00
2014.11.10 07:12:58.856,1.41169,1.41191,1.37,1.00
2014.11.10 07:12:59.008,1.4117,1.41193,1.31,1.00
2014.11.10 07:13:00.620,1.41171,1.41194,1.00,1.12
2014.11.10 07:13:01.610,1.41171,1.41196,1.25,1.69
2014.11.10 07:13:02.116,1.41171,1.41196,1.31,1.69
2014.11.10 07:13:04.501,1.41171,1.41194,1.31,1.00
2014.11.10 07:13:05.060,1.4117,1.41193,1.19,1.00
2014.11.10 07:13:06.002,1.4117,1.41193,1.31,1.00
2014.11.10 07:13:06.560,1.41171,1.41194,1.00,1.00
2014.11.10 07:13:13.430,1.4117,1.41193,1.00,1.12
2014.11.10 07:13:13.734,1.41164,1.41186,1.12,1.00
2014.11.10 07:13:15.360,1.41164,1.41186,1.94,1.00
2014.11.10 07:13:15.411,1.41168,1.4119,1.12,1.00
2014.11.10 07:13:15.614,1.4117,1.41192,1.00,1.00
2014.11.10 07:13:16.151,1.4117,1.41193,1.50,1.00
2014.11.10 07:13:18.251,1.41171,1.41194,1.00,1.37
2014.11.10 07:13:18.556,1.41169,1.41192,1.31,1.00
2014.11.10 07:13:18.758,1.41169,1.41192,1.00,1.94
2014.11.10 07:13:18.860,1.41166,1.41187,1.00,1.00
2014.11.10 07:13:19.062,1.41165,1.41189,1.12,1.12
2014.11.10 07:13:19.113,1.41165,1.41187,1.12,1.00
2014.11.10 07:13:19.618,1.41163,1.4119,1.31,2.06
2014.11.10 07:13:19.972,1.41165,1.41191,2.06,1.50
2014.11.10 07:13:20.276,1.4117,1.41192,1.25,1.00
2014.11.10 07:13:20.797,1.41171,1.41193,1.00,1.12
2014.11.10 07:13:23.395,1.41176,1.41197,1.00,2.25
2014.11.10 07:13:23.497,1.41176,1.41197,1.00,1.00
2014.11.10 07:13:23.954,1.41175,1.41195,1.00,1.00
2014.11.10 07:13:24.567,1.41174,1.41195,1.12,1.00
2014.11.10 07:13:25.142,1.41174,1.41196,1.00,1.00
2014.11.10 07:13:25.662,1.41173,1.41195,1.25,1.00
2014.11.10 07:13:26.282,1.41174,1.41196,1.00,1.00
2014.11.10 07:13:27.173,1.41171,1.41197,1.50,1.00
2014.11.10 07:13:27.682,1.4117,1.41197,3.75,1.50
2014.11.10 07:13:28.190,1.4117,1.41197,3.00,1.69
2014.11.10 07:13:28.669,1.41173,1.41197,1.00,1.31
2014.11.10 07:13:30.872,1.41176,1.41197,1.00,1.12
2014.11.10 07:13:30.987,1.41174,1.41197,1.00,1.12
2014.11.10 07:13:31.199,1.41176,1.41198,1.00,2.06
2014.11.10 07:13:32.403,1.41176,1.41197,1.00,1.31
2014.11.10 07:13:32.821,1.41175,1.41196,1.00,1.12
2014.11.10 07:13:33.106,1.41172,1.41194,1.00,1.50
2014.11.10 07:13:33.766,1.41172,1.41194,1.00,1.50
2014.11.10 07:13:33.957,1.41168,1.4119,1.31,1.37
2014.11.10 07:13:34.210,1.41167,1.41192,1.12,1.37
2014.11.10 07:13:34.463,1.41164,1.41191,1.69,1.00
2014.11.10 07:13:34.515,1.41169,1.41191,1.00,1.00
2014.11.10 07:13:34.819,1.41169,1.41192,1.00,2.25
2014.11.10 07:13:35.122,1.41169,1.41191,1.00,1.00
2014.11.10 07:13:35.324,1.41169,1.41196,2.06,2.25
2014.11.10 07:13:35.425,1.41169,1.41196,1.12,1.87
2014.11.10 07:13:36.021,1.41169,1.41191,1.00,1.00
2014.11.10 07:13:37.302,1.41169,1.41192,1.00,1.31
2014.11.10 07:13:37.899,1.41167,1.41189,1.00,1.00
2014.11.10 07:13:38.440,1.41168,1.41189,1.00,1.50
2014.11.10 07:13:39.352,1.41168,1.41189,1.00,1.50
2014.11.10 07:13:41.983,1.41167,1.41189,1.00,1.69
2014.11.10 07:13:42.271,1.41167,1.41186,1.00,1.62
2014.11.10 07:13:42.322,1.41164,1.41186,1.00,2.00
2014.11.10 07:13:42.373,1.41164,1.41182,1.00,1.62
2014.11.10 07:13:42.777,1.41164,1.41187,1.00,1.31
2014.11.10 07:13:42.878,1.41168,1.41188,1.00,1.69
2014.11.10 07:13:42.980,1.41168,1.41189,1.00,1.12
2014.11.10 07:13:43.495,1.41167,1.41189,1.00,1.87
2014.11.10 07:13:43.596,1.41165,1.41187,1.00,1.00
2014.11.10 07:13:44.106,1.41164,1.41187,1.25,1.00
2014.11.10 07:13:44.393,1.41167,1.41187,1.00,1.00
2014.11.10 07:13:44.592,1.41168,1.4119,1.50,1.69
2014.11.10 07:13:44.694,1.41171,1.41191,1.00,1.50
2014.11.10 07:13:44.846,1.41172,1.41194,1.00,1.00
2014.11.10 07:13:44.998,1.41172,1.41197,1.56,1.00
2014.11.10 07:13:45.998,1.41176,1.41198,1.00,1.37
2014.11.10 07:13:47.679,1.41177,1.41199,1.00,2.44
2014.11.10 07:13:48.011,1.4118,1.41198,1.00,1.00
2014.11.10 07:13:48.164,1.41184,1.41205,1.69,1.00
2014.11.10 07:13:48.316,1.41184,1.41203,1.25,1.00
2014.11.10 07:13:48.619,1.41182,1.41202,1.00,1.12
2014.11.10 07:13:48.721,1.41177,1.41201,1.00,1.69
2014.11.10 07:13:49.658,1.41177,1.412,1.50,1.56
2014.11.10 07:13:50.942,1.41179,1.412,1.00,1.56
2014.11.10 07:13:51.700,1.41178,1.412,1.00,2.06
2014.11.10 07:13:51.802,1.41176,1.41198,1.00,1.00
2014.11.10 07:13:52.353,1.41175,1.41197,1.87,1.25
2014.11.10 07:13:52.903,1.41174,1.41196,1.00,1.50
2014.11.10 07:13:53.451,1.41174,1.41196,1.00,1.87
2014.11.10 07:13:53.981,1.41175,1.41196,1.00,2.06
2014.11.10 07:13:55.749,1.41175,1.41196,1.50,1.69
2014.11.10 07:13:57.639,1.41177,1.41198,1.00,2.44
2014.11.10 07:13:57.791,1.41185,1.41203,1.00,1.00
2014.11.10 07:13:57.994,1.4118,1.412,1.00,1.00
2014.11.10 07:13:58.197,1.41177,1.412,1.00,2.06
2014.11.10 07:13:58.552,1.41175,1.41197,1.00,1.00
2014.11.10 07:13:59.169,1.41176,1.41199,1.00,1.31
2014.11.10 07:13:59.691,1.41176,1.41199,1.00,1.50
2014.11.10 07:14:01.380,1.41183,1.41201,1.00,1.12
2014.11.10 07:14:01.431,1.41183,1.41203,1.00,2.25
2014.11.10 07:14:01.532,1.41186,1.41207,1.00,2.06
2014.11.10 07:14:01.633,1.41187,1.41205,1.00,1.19
2014.11.10 07:14:01.735,1.41181,1.41203,1.00,1.25
2014.11.10 07:14:01.942,1.41181,1.41203,1.00,1.87
2014.11.10 07:14:02.295,1.41179,1.41201,1.00,1.56
2014.11.10 07:14:02.396,1.41173,1.41201,1.94,1.56
2014.11.10 07:14:02.898,1.41172,1.412,1.87,1.25
2014.11.10 07:14:03.131,1.41173,1.412,1.00,1.12
2014.11.10 07:14:03.779,1.4117,1.41198,1.31,1.19
2014.11.10 07:14:04.082,1.41177,1.41198,1.37,1.19
2014.11.10 07:14:04.183,1.41184,1.41202,1.50,1.00
2014.11.10 07:14:04.234,1.41184,1.41204,1.50,1.00
2014.11.10 07:14:04.488,1.41181,1.41203,1.00,1.00
2014.11.10 07:14:04.538,1.41181,1.41203,1.00,1.56
2014.11.10 07:14:04.589,1.41179,1.41201,1.00,1.25
2014.11.10 07:14:04.842,1.41176,1.41201,1.87,1.31
2014.11.10 07:14:04.994,1.41176,1.41201,1.87,2.06
2014.11.10 07:14:05.636,1.41179,1.41201,1.00,2.06
2014.11.10 07:14:06.794,1.41177,1.412,1.50,1.50
2014.11.10 07:14:06.996,1.41179,1.412,1.00,1.00
2014.11.10 07:14:08.848,1.4118,1.412,1.00,1.00
2014.11.10 07:14:09.858,1.41179,1.412,1.00,1.00
2014.11.10 07:14:10.515,1.41179,1.412,1.00,1.50
2014.11.10 07:14:11.709,1.41177,1.412,1.00,2.06
2014.11.10 07:14:11.929,1.41179,1.412,1.00,1.62
2014.11.10 07:14:15.620,1.41179,1.412,1.00,1.31
2014.11.10 07:14:15.823,1.41174,1.41195,1.00,1.00
2014.11.10 07:14:15.874,1.41171,1.41195,1.00,1.12
2014.11.10 07:14:15.926,1.41173,1.41195,1.00,1.12
2014.11.10 07:14:16.230,1.41179,1.41199,1.00,1.44
2014.11.10 07:14:16.786,1.41175,1.41197,1.00,2.19
2014.11.10 07:14:16.887,1.41175,1.41195,1.00,1.25
2014.11.10 07:14:16.989,1.41177,1.41197,1.00,1.81
2014.11.10 07:14:17.040,1.41177,1.41198,1.00,1.56
2014.11.10 07:14:17.343,1.41179,1.41199,1.00,1.31
2014.11.10 07:14:18.338,1.41178,1.41199,1.00,1.31
2014.11.10 07:14:18.897,1.41171,1.41196,1.50,1.62
2014.11.10 07:14:19.050,1.41171,1.41196,1.12,1.69
2014.11.10 07:14:19.102,1.41174,1.41196,1.00,1.25
2014.11.10 07:14:19.496,1.41174,1.41198,1.12,1.12
2014.11.10 07:14:19.547,1.41176,1.41199,1.00,1.69
2014.11.10 07:14:19.849,1.41179,1.412,1.00,2.19
2014.11.10 07:14:20.366,1.4118,1.41201,1.00,1.75
2014.11.10 07:14:20.869,1.4118,1.41201,1.00,1.81
2014.11.10 07:14:21.566,1.4118,1.41201,1.00,1.25
2014.11.10 07:14:21.941,1.41183,1.41204,1.00,1.19
2014.11.10 07:14:22.074,1.41184,1.41206,1.00,1.62
2014.11.10 07:14:22.599,1.41184,1.41207,1.50,1.12
2014.11.10 07:14:23.125,1.41185,1.41207,1.00,1.25
2014.11.10 07:14:23.985,1.41184,1.41208,1.00,1.31
2014.11.10 07:14:24.237,1.41186,1.41208,1.00,1.00
2014.11.10 07:14:24.735,1.41186,1.41209,1.00,1.31
2014.11.10 07:14:25.408,1.41185,1.41209,1.00,1.31
2014.11.10 07:14:27.310,1.41185,1.41209,1.50,1.62
2014.11.10 07:14:27.462,1.41185,1.41206,1.00,1.00
2014.11.10 07:14:27.765,1.41188,1.41209,1.00,1.62
2014.11.10 07:14:33.044,1.41188,1.4121,1.00,1.87
2014.11.10 07:14:33.550,1.41188,1.4121,1.00,1.50
2014.11.10 07:14:34.864,1.41187,1.4121,1.00,1.00
2014.11.10 07:14:35.576,1.41188,1.4121,1.00,1.25
2014.11.10 07:14:36.101,1.41189,1.4121,1.00,1.00
2014.11.10 07:14:38.603,1.41189,1.41211,1.00,1.12
2014.11.10 07:14:39.619,1.4119,1.41212,1.00,1.12
2014.11.10 07:14:42.248,1.4119,1.41212,1.00,1.44
2014.11.10 07:14:45.827,1.41188,1.4121,1.00,1.31
2014.11.10 07:14:46.385,1.41189,1.41211,1.00,1.62
2014.11.10 07:14:46.999,1.41189,1.41212,1.00,1.87
2014.11.10 07:14:47.538,1.4119,1.41212,1.00,1.12
2014.11.10 07:14:49.798,1.41189,1.41212,1.00,1.37
2014.11.10 07:14:50.994,1.41189,1.41212,1.00,1.12
2014.11.10 07:14:51.569,1.41189,1.41212,1.00,1.12
2014.11.10 07:14:58.899,1.41187,1.41212,1.00,1.87
2014.11.10 07:14:59.271,1.41189,1.41211,1.00,1.75
2014.11.10 07:15:00.140,1.41189,1.4121,1.00,1.12
2014.11.10 07:15:00.707,1.41188,1.4121,1.00,2.25
2014.11.10 07:15:01.328,1.41188,1.41209,1.00,1.12
2014.11.10 07:15:05.550,1.41188,1.4121,1.00,2.06
2014.11.10 07:15:06.122,1.41189,1.4121,1.00,1.37
2014.11.10 07:15:06.791,1.41188,1.4121,1.00,1.31
2014.11.10 07:15:06.893,1.41187,1.41207,1.00,1.00
2014.11.10 07:15:07.401,1.41186,1.41208,1.31,1.00
2014.11.10 07:15:07.919,1.41186,1.4121,1.12,1.31
2014.11.10 07:15:08.269,1.41188,1.4121,1.00,1.19
2014.11.10 07:15:08.604,1.41189,1.41211,1.00,1.87
2014.11.10 07:15:10.419,1.41189,1.41211,1.00,1.19
2014.11.10 07:15:11.127,1.41188,1.4121,1.12,1.25
2014.11.10 07:15:11.654,1.41189,1.41211,1.00,1.19
2014.11.10 07:15:11.919,1.41187,1.41211,1.25,1.19
2014.11.10 07:15:12.627,1.41187,1.41211,1.19,1.25
2014.11.10 07:15:13.931,1.41187,1.41211,1.25,1.25
2014.11.10 07:15:14.441,1.41189,1.41211,1.00,1.31
2014.11.10 07:15:15.858,1.41188,1.4121,1.31,1.00
2014.11.10 07:15:18.989,1.41186,1.41211,1.87,1.00
2014.11.10 07:15:19.160,1.41188,1.4121,1.00,1.00
2014.11.10 07:15:27.188,1.41189,1.41211,1.00,1.50
2014.11.10 07:15:32.941,1.4119,1.41212,1.37,1.00
2014.11.10 07:15:33.042,1.41192,1.41215,1.37,1.00
2014.11.10 07:15:34.119,1.41195,1.41217,1.00,1.00
2014.11.10 07:15:34.449,1.41193,1.41215,1.87,1.00
2014.11.10 07:15:34.558,1.41194,1.41217,1.12,1.00
2014.11.10 07:15:35.090,1.41194,1.41217,1.50,1.00
2014.11.10 07:15:35.140,1.41198,1.4122,1.00,1.37
2014.11.10 07:15:35.879,1.41199,1.41222,1.00,2.62
2014.11.10 07:15:36.571,1.41198,1.4122,1.00,1.37
2014.11.10 07:15:37.859,1.41199,1.41222,1.00,2.62
2014.11.10 07:15:38.415,1.41198,1.4122,1.00,1.12
2014.11.10 07:15:39.840,1.41199,1.41222,1.00,2.62
2014.11.10 07:15:40.794,1.41198,1.4122,1.00,1.37
2014.11.10 07:15:41.958,1.41199,1.41222,1.00,2.62
2014.11.10 07:15:42.821,1.41198,1.4122,1.00,1.37
2014.11.10 07:15:43.359,1.41197,1.41219,1.00,1.12
2014.11.10 07:15:43.662,1.41197,1.41219,1.00,1.87
2014.11.10 07:15:43.713,1.41192,1.41214,1.37,1.50
2014.11.10 07:15:44.017,1.41192,1.41211,1.00,1.00
2014.11.10 07:15:44.270,1.41188,1.41209,1.19,1.00
2014.11.10 07:15:44.859,1.41188,1.4121,1.19,1.12
2014.11.10 07:15:45.460,1.41188,1.4121,1.00,1.12
2014.11.10 07:15:45.972,1.41189,1.41212,1.00,1.50
2014.11.10 07:15:46.838,1.41189,1.41212,1.00,1.12
2014.11.10 07:15:47.041,1.41189,1.41211,1.00,1.37
2014.11.10 07:15:47.142,1.41187,1.41209,1.00,1.12
2014.11.10 07:15:47.395,1.41186,1.41208,1.00,2.25
2014.11.10 07:15:47.446,1.41182,1.41205,1.00,1.37
2014.11.10 07:15:47.952,1.41183,1.41205,1.00,1.12
2014.11.10 07:15:48.469,1.41183,1.41204,1.00,1.00
2014.11.10 07:15:48.671,1.41185,1.41206,1.12,1.00
2014.11.10 07:15:48.974,1.41203,1.41223,1.00,1.00
2014.11.10 07:15:49.075,1.41203,1.41228,1.12,1.00
2014.11.10 07:15:49.227,1.41202,1.41226,1.00,1.00
2014.11.10 07:15:49.542,1.412,1.41222,1.00,1.00
2014.11.10 07:15:49.846,1.41198,1.4122,1.00,1.00
2014.11.10 07:15:50.151,1.41201,1.41223,1.00,1.37
2014.11.10 07:15:50.202,1.41199,1.41222,1.00,1.37
2014.11.10 07:15:51.724,1.412,1.41224,1.00,1.50
2014.11.10 07:15:52.879,1.412,1.41223,1.00,1.37
2014.11.10 07:15:55.128,1.41199,1.41222,1.00,1.87
2014.11.10 07:15:56.668,1.41201,1.41222,1.00,1.12
2014.11.10 07:15:57.123,1.41203,1.41224,1.00,1.19
2014.11.10 07:15:58.003,1.41203,1.41224,1.00,1.00
2014.11.10 07:15:59.310,1.412,1.41222,1.00,1.00
2014.11.10 07:15:59.648,1.41203,1.41225,1.00,1.50
2014.11.10 07:16:00.346,1.41203,1.41225,1.00,1.50
2014.11.10 07:16:00.448,1.412,1.41222,1.00,1.37
2014.11.10 07:16:00.957,1.412,1.41222,1.00,1.00
2014.11.10 07:16:01.574,1.41201,1.41225,1.00,1.87
2014.11.10 07:16:02.168,1.412,1.41222,1.00,1.00
2014.11.10 07:16:05.685,1.412,1.41222,1.00,1.37
2014.11.10 07:16:05.888,1.41193,1.41214,1.00,1.37
2014.11.10 07:16:06.090,1.4119,1.41211,1.00,1.37
2014.11.10 07:16:06.625,1.41188,1.4121,2.81,1.12
2014.11.10 07:16:07.338,1.41189,1.41211,1.50,1.12
2014.11.10 07:16:07.701,1.4119,1.41212,2.06,1.00
2014.11.10 07:16:07.803,1.41193,1.41217,1.37,1.25
2014.11.10 07:16:08.327,1.41195,1.41217,1.50,1.25
2014.11.10 07:16:08.378,1.41197,1.41219,1.00,1.37
2014.11.10 07:16:08.581,1.41195,1.41222,2.25,1.69
2014.11.10 07:16:08.703,1.41197,1.41219,1.00,1.37
2014.11.10 07:16:09.521,1.41197,1.41219,1.00,1.12
2014.11.10 07:16:10.187,1.41196,1.41218,2.06,1.00
2014.11.10 07:16:10.698,1.41196,1.41217,1.19,1.00
2014.11.10 07:16:11.215,1.41195,1.41219,1.69,1.12
2014.11.10 07:16:11.737,1.41196,1.41216,1.19,1.00
2014.11.10 07:16:12.360,1.41196,1.41216,1.25,1.00
2014.11.10 07:16:12.564,1.41199,1.41225,1.19,1.56
2014.11.10 07:16:12.615,1.41198,1.41223,1.19,1.69
2014.11.10 07:16:12.666,1.41197,1.4122,2.81,1.00
2014.11.10 07:16:12.818,1.41197,1.41222,1.12,1.56
2014.11.10 07:16:13.171,1.41195,1.41218,1.37,1.00
2014.11.10 07:16:13.829,1.41197,1.4122,1.00,1.69
2014.11.10 07:16:14.382,1.41198,1.41219,1.00,1.00
2014.11.10 07:16:15.168,1.41203,1.41223,1.00,1.75
2014.11.10 07:16:15.269,1.41203,1.41225,1.00,2.25
2014.11.10 07:16:16.347,1.41203,1.41225,1.00,2.81
2014.11.10 07:16:16.894,1.41204,1.41225,1.00,2.06
2014.11.10 07:16:17.710,1.41201,1.41223,1.25,1.12
2014.11.10 07:16:17.761,1.41201,1.41223,1.00,1.56
2014.11.10 07:16:18.021,1.41199,1.41222,1.00,1.31
2014.11.10 07:16:18.559,1.41199,1.41222,1.00,1.75
2014.11.10 07:16:19.108,1.41197,1.41222,1.25,1.50
2014.11.10 07:16:19.611,1.41197,1.41222,1.25,1.50
2014.11.10 07:16:20.567,1.41198,1.4122,1.00,1.37
2014.11.10 07:16:21.079,1.41197,1.4122,1.00,1.62
2014.11.10 07:16:21.608,1.41196,1.4122,1.25,1.62
2014.11.10 07:16:23.069,1.41197,1.4122,1.00,1.87
2014.11.10 07:16:23.222,1.412,1.41222,1.00,1.56
2014.11.10 07:16:23.323,1.41197,1.41222,1.87,1.56
2014.11.10 07:16:23.886,1.41196,1.41221,1.00,1.37
2014.11.10 07:16:24.571,1.41196,1.41221,1.19,1.37
2014.11.10 07:16:25.220,1.41196,1.41221,1.56,1.00
2014.11.10 07:16:27.711,1.41196,1.41221,1.56,1.37
2014.11.10 07:16:28.267,1.41196,1.41219,1.25,1.00
2014.11.10 07:16:30.929,1.41197,1.4122,1.12,1.87
2014.11.10 07:16:31.030,1.41199,1.41222,1.00,2.81
2014.11.10 07:16:31.233,1.41197,1.41222,1.00,2.06
2014.11.10 07:16:31.743,1.41196,1.41222,1.31,2.06
2014.11.10 07:16:32.353,1.41196,1.41221,1.31,1.37
2014.11.10 07:16:33.290,1.41196,1.41221,1.12,1.75
2014.11.10 07:16:34.038,1.41199,1.41223,1.56,1.12
2014.11.10 07:16:34.138,1.41197,1.41224,2.81,1.56
2014.11.10 07:16:34.240,1.412,1.41224,1.31,1.12
2014.11.10 07:16:34.493,1.41199,1.41222,1.25,1.87
2014.11.10 07:16:35.616,1.41196,1.41221,1.69,1.12
2014.11.10 07:16:35.768,1.41196,1.41221,1.19,1.31
2014.11.10 07:16:36.702,1.41195,1.4122,1.69,1.50
2014.11.10 07:16:37.938,1.41197,1.4122,1.00,1.81
2014.11.10 07:16:39.112,1.41195,1.4122,1.69,1.81
2014.11.10 07:16:41.648,1.41195,1.41219,2.06,1.37
2014.11.10 07:16:42.206,1.41196,1.41219,1.00,1.12
2014.11.10 07:16:45.656,1.41197,1.4122,1.00,1.31
2014.11.10 07:16:46.470,1.41196,1.4122,1.69,1.31
2014.11.10 07:16:47.788,1.41197,1.4122,1.00,2.06
2014.11.10 07:16:48.399,1.41196,1.4122,1.00,2.06
2014.11.10 07:16:48.918,1.41196,1.41219,1.00,1.94
2014.11.10 07:16:48.969,1.41196,1.41213,1.00,1.25
2014.11.10 07:16:49.121,1.41189,1.41212,1.25,1.31
2014.11.10 07:16:49.172,1.41189,1.41214,1.69,1.94
2014.11.10 07:16:49.476,1.41197,1.41215,1.00,1.19
2014.11.10 07:16:49.999,1.41193,1.41215,1.00,1.19
2014.11.10 07:16:50.967,1.41195,1.41216,1.00,1.69
2014.11.10 07:16:51.576,1.41194,1.41216,1.00,1.69
2014.11.10 07:16:52.101,1.41194,1.41216,1.00,1.69
2014.11.10 07:16:53.072,1.41194,1.41217,1.00,1.31
2014.11.10 07:16:53.821,1.41193,1.41215,1.00,1.25
2014.11.10 07:16:54.331,1.41193,1.41216,1.25,1.25
2014.11.10 07:16:55.559,1.41193,1.41216,1.50,1.19
2014.11.10 07:16:59.336,1.41193,1.41213,1.00,1.00
2014.11.10 07:16:59.977,1.41193,1.41214,1.00,1.00
2014.11.10 07:17:00.832,1.41193,1.41213,1.00,1.00
2014.11.10 07:17:01.334,1.41193,1.41214,1.00,1.12
2014.11.10 07:17:02.412,1.41193,1.41215,1.25,1.31
2014.11.10 07:17:03.428,1.41193,1.41217,2.06,1.62
2014.11.10 07:17:06.698,1.41197,1.41218,1.25,1.00
2014.11.10 07:17:07.693,1.41197,1.41218,1.19,1.00
2014.11.10 07:17:09.623,1.41197,1.41218,1.69,1.00
2014.11.10 07:17:10.427,1.41197,1.41219,2.44,1.00
2014.11.10 07:17:10.958,1.41198,1.4122,1.69,1.00
2014.11.10 07:17:11.212,1.41206,1.41229,1.00,1.50
2014.11.10 07:17:11.364,1.41204,1.4123,2.44,1.12
2014.11.10 07:17:12.212,1.41205,1.4123,2.06,1.12
2014.11.10 07:17:12.801,1.41205,1.4123,1.19,1.50
2014.11.10 07:17:14.379,1.41205,1.4123,1.69,1.87
2014.11.10 07:17:14.531,1.41205,1.41227,1.19,1.00
2014.11.10 07:17:15.054,1.41205,1.41228,1.19,1.00
2014.11.10 07:17:15.606,1.41205,1.4123,1.19,1.87
2014.11.10 07:17:16.525,1.41204,1.41228,2.44,1.00
2014.11.10 07:17:17.686,1.41204,1.4123,2.44,1.87
2014.11.10 07:17:18.332,1.41205,1.41228,1.00,1.00
2014.11.10 07:17:23.846,1.41205,1.41229,1.19,1.25
2014.11.10 07:17:28.905,1.41204,1.41228,2.06,1.00
2014.11.10 07:17:29.568,1.41204,1.41227,2.81,1.00
2014.11.10 07:17:30.083,1.41207,1.41226,1.00,1.00
2014.11.10 07:17:30.491,1.41207,1.41228,1.00,1.00
2014.11.10 07:17:31.025,1.41207,1.41229,2.06,1.00
2014.11.10 07:17:32.170,1.41208,1.41229,1.19,1.00
2014.11.10 07:17:32.952,1.41208,1.41228,1.19,1.00
2014.11.10 07:17:34.405,1.41208,1.41229,1.19,1.00
2014.11.10 07:17:34.778,1.41208,1.41232,1.19,1.50
2014.11.10 07:17:34.880,1.41208,1.41229,1.19,1.00
2014.11.10 07:17:36.187,1.41207,1.4123,2.44,1.00
2014.11.10 07:17:37.293,1.41206,1.4123,1.56,1.00
2014.11.10 07:17:37.929,1.41206,1.41231,1.56,1.00
2014.11.10 07:17:40.692,1.41205,1.41231,2.44,1.31
2014.11.10 07:17:41.794,1.41206,1.41231,1.56,1.00
2014.11.10 07:17:46.305,1.41207,1.41231,1.31,1.00
2014.11.10 07:17:47.407,1.41208,1.41231,1.19,1.00
2014.11.10 07:17:50.012,1.41207,1.41231,1.31,1.00
2014.11.10 07:17:52.273,1.41207,1.4123,1.31,1.00
2014.11.10 07:17:53.522,1.41206,1.4123,1.56,1.00
2014.11.10 07:17:54.256,1.41206,1.41229,2.06,1.12
2014.11.10 07:17:54.676,1.41207,1.41225,1.56,1.00
2014.11.10 07:17:54.777,1.41207,1.41228,1.56,1.00
2014.11.10 07:17:54.979,1.41207,1.4123,2.44,1.00
2014.11.10 07:17:56.229,1.41207,1.41232,1.31,1.69
2014.11.10 07:17:56.407,1.41207,1.41229,2.06,1.00
2014.11.10 07:18:00.772,1.41207,1.41229,1.31,1.00
2014.11.10 07:18:00.823,1.41206,1.41231,2.81,1.00
2014.11.10 07:18:01.076,1.41206,1.41229,1.69,1.00
2014.11.10 07:18:02.048,1.41206,1.41229,1.19,1.00
2014.11.10 07:18:03.151,1.41206,1.41229,1.25,1.25
2014.11.10 07:18:04.454,1.41206,1.41229,1.19,1.25
2014.11.10 07:18:07.160,1.41206,1.4123,1.25,1.87
2014.11.10 07:18:08.702,1.41205,1.41229,1.69,1.31
2014.11.10 07:18:08.914,1.41203,1.41227,1.00,1.12
2014.11.10 07:18:09.116,1.412,1.41224,1.69,1.87
2014.11.10 07:18:09.280,1.412,1.41222,1.00,1.62
2014.11.10 07:18:09.381,1.41195,1.4122,1.31,1.25
2014.11.10 07:18:09.583,1.41195,1.41221,1.19,1.12
2014.11.10 07:18:10.099,1.41196,1.4122,1.25,2.00
2014.11.10 07:18:10.201,1.41196,1.4122,1.25,2.06
2014.11.10 07:18:10.705,1.41194,1.41221,3.56,1.87
2014.11.10 07:18:10.807,1.41194,1.4122,3.56,1.12
2014.11.10 07:18:11.452,1.41194,1.4122,2.81,1.12
2014.11.10 07:18:11.965,1.41195,1.4122,1.25,1.12
2014.11.10 07:18:12.732,1.41194,1.41217,1.19,1.69
2014.11.10 07:18:13.244,1.41193,1.41217,1.69,1.56
2014.11.10 07:18:13.885,1.41193,1.41217,1.25,1.81
2014.11.10 07:18:14.604,1.41193,1.41217,1.25,1.74
2014.11.10 07:18:14.655,1.41191,1.41217,2.44,2.17
2014.11.10 07:18:14.706,1.41191,1.41214,1.25,1.00
2014.11.10 07:18:15.114,1.41191,1.41215,1.25,1.42
2014.11.10 07:18:15.639,1.41191,1.41211,1.00,1.00
2014.11.10 07:18:16.400,1.41186,1.41211,1.62,1.00
2014.11.10 07:18:16.959,1.41184,1.41212,2.81,1.00
2014.11.10 07:18:17.475,1.41183,1.41212,2.81,1.05
2014.11.10 07:18:20.103,1.41185,1.41212,1.31,1.05
2014.11.10 07:18:21.244,1.41184,1.41212,2.81,1.05
2014.11.10 07:18:22.448,1.41185,1.41211,1.19,1.31
2014.11.10 07:18:22.650,1.41183,1.41211,1.19,2.81
2014.11.10 07:18:22.751,1.41182,1.4121,2.06,2.06
2014.11.10 07:18:22.853,1.41182,1.41207,1.25,2.06
2014.11.10 07:18:23.189,1.41179,1.41206,1.87,1.94
2014.11.10 07:18:23.695,1.4118,1.41203,1.25,1.15
2014.11.10 07:18:24.352,1.4118,1.41203,1.25,1.19
2014.11.10 07:18:25.064,1.4118,1.41203,1.25,1.00
2014.11.10 07:18:25.168,1.4118,1.41205,1.69,1.69
2014.11.10 07:18:26.219,1.41182,1.41203,1.31,1.00
2014.11.10 07:18:27.907,1.41181,1.41203,2.81,1.00
2014.11.10 07:18:28.116,1.41184,1.41207,1.00,1.31
2014.11.10 07:18:28.734,1.41183,1.41205,1.25,1.00
2014.11.10 07:18:29.406,1.41182,1.41204,1.31,1.00
2014.11.10 07:18:29.957,1.41181,1.41203,2.06,1.00
2014.11.10 07:18:30.665,1.41181,1.41202,1.19,1.00
2014.11.10 07:18:30.868,1.41182,1.41204,1.31,1.00
2014.11.10 07:18:33.270,1.41183,1.41207,1.00,2.44
2014.11.10 07:18:34.593,1.41183,1.41206,1.19,1.00
2014.11.10 07:18:35.849,1.41183,1.41207,1.19,1.69
2014.11.10 07:18:36.225,1.41183,1.41205,1.69,1.00
2014.11.10 07:18:36.528,1.41183,1.41202,1.00,1.00
2014.11.10 07:18:36.579,1.41179,1.41201,2.06,1.00
2014.11.10 07:18:36.681,1.41179,1.41199,1.19,1.00
2014.11.10 07:18:37.249,1.4118,1.41202,1.31,1.50
2014.11.10 07:18:38.010,1.41179,1.41201,1.19,1.00
2014.11.10 07:18:39.201,1.4118,1.41201,1.25,1.00
2014.11.10 07:18:39.899,1.4118,1.412,1.25,1.00
2014.11.10 07:18:40.557,1.41179,1.41202,1.69,1.00
2014.11.10 07:18:40.811,1.41181,1.41203,1.50,1.25
2014.11.10 07:18:41.326,1.41182,1.41204,2.06,1.00
2014.11.10 07:18:41.630,1.41183,1.41205,2.00,1.00
2014.11.10 07:18:42.101,1.41185,1.41207,1.94,1.00
2014.11.10 07:18:42.203,1.41189,1.4121,1.00,1.50
2014.11.10 07:18:42.304,1.41191,1.41213,1.00,1.19
2014.11.10 07:18:42.355,1.41191,1.41214,1.25,1.69
2014.11.10 07:18:42.926,1.4119,1.41214,1.50,3.94
2014.11.10 07:18:43.078,1.41186,1.41206,1.00,1.37
2014.11.10 07:18:43.179,1.41182,1.41205,1.50,1.12
2014.11.10 07:18:43.230,1.41182,1.41205,1.50,1.37
2014.11.10 07:18:43.752,1.41182,1.41204,1.69,1.12
2014.11.10 07:18:44.106,1.41182,1.41202,1.19,1.00
2014.11.10 07:18:44.675,1.41182,1.41202,1.25,1.00
2014.11.10 07:18:46.169,1.41182,1.41198,1.00,1.00
2014.11.10 07:18:46.372,1.41184,1.41202,1.00,1.00
2014.11.10 07:18:46.423,1.41178,1.41202,1.12,1.00
2014.11.10 07:18:46.474,1.41176,1.41202,2.44,1.69
2014.11.10 07:18:46.777,1.41175,1.41197,1.00,1.19
2014.11.10 07:18:47.189,1.41172,1.41196,1.12,1.19
2014.11.10 07:18:47.240,1.41172,1.41196,2.19,1.19
2014.11.10 07:18:47.543,1.41175,1.41197,1.12,1.19
2014.11.10 07:18:47.594,1.41179,1.412,1.00,1.00
2014.11.10 07:18:47.645,1.41179,1.412,1.37,1.00
2014.11.10 07:18:47.797,1.4118,1.41203,1.50,1.19
2014.11.10 07:18:47.848,1.4118,1.41203,1.87,1.19
2014.11.10 07:18:48.050,1.41184,1.41207,1.00,1.69
2014.11.10 07:18:48.585,1.41184,1.41204,1.00,1.00
2014.11.10 07:18:49.154,1.41184,1.41206,1.50,1.00
2014.11.10 07:18:49.256,1.41184,1.41209,1.50,1.69
2014.11.10 07:18:49.788,1.41187,1.41209,1.00,2.06
2014.11.10 07:18:50.127,1.41178,1.41199,1.50,1.00
2014.11.10 07:18:50.431,1.41174,1.41199,2.81,1.31
2014.11.10 07:18:50.684,1.41175,1.41197,1.50,1.19
2014.11.10 07:18:50.978,1.41174,1.41197,1.87,1.69
2014.11.10 07:18:51.181,1.41177,1.41197,1.87,1.00
2014.11.10 07:18:51.232,1.41181,1.41204,1.12,2.81
2014.11.10 07:18:51.333,1.41181,1.41204,1.87,1.69
2014.11.10 07:18:51.384,1.41184,1.41204,1.56,1.00
2014.11.10 07:18:51.434,1.41186,1.41209,1.31,1.50
2014.11.10 07:18:51.536,1.41188,1.4121,1.00,1.19
2014.11.10 07:18:52.107,1.41187,1.41209,1.37,1.62
2014.11.10 07:18:52.411,1.41181,1.41205,1.87,2.06
2014.11.10 07:18:53.017,1.4118,1.41204,1.69,1.31
2014.11.10 07:18:53.611,1.41181,1.41205,1.00,2.06
2014.11.10 07:18:53.812,1.41181,1.41203,1.00,2.06
2014.11.10 07:18:53.913,1.41178,1.412,1.19,1.00
2014.11.10 07:18:54.015,1.41179,1.41203,2.06,1.50
2014.11.10 07:18:54.540,1.41182,1.41204,1.00,1.25
2014.11.10 07:18:55.044,1.41181,1.41203,1.69,1.00
2014.11.10 07:18:56.016,1.41181,1.41203,1.25,1.37
2014.11.10 07:18:56.067,1.41179,1.41199,1.69,1.00
2014.11.10 07:18:56.164,1.41181,1.41203,1.00,1.19
2014.11.10 07:18:56.688,1.41182,1.41203,1.31,1.00
2014.11.10 07:18:57.587,1.41182,1.41204,1.31,1.00
2014.11.10 07:19:00.346,1.41182,1.41204,2.06,1.00
2014.11.10 07:19:01.509,1.41182,1.41204,2.06,1.00
2014.11.10 07:19:02.363,1.41182,1.41203,1.31,1.00
2014.11.10 07:19:02.424,1.41182,1.41205,1.31,1.31
2014.11.10 07:19:04.206,1.41182,1.41203,1.31,1.00
2014.11.10 07:19:04.738,1.41182,1.41204,2.06,1.00
2014.11.10 07:19:06.054,1.41183,1.41205,1.00,1.31
2014.11.10 07:19:06.825,1.41183,1.41205,1.00,2.06
2014.11.10 07:19:07.814,1.41182,1.41205,1.00,2.06
2014.11.10 07:19:08.836,1.41183,1.41205,1.00,1.19
2014.11.10 07:19:09.426,1.41183,1.41203,1.00,1.25
2014.11.10 07:19:11.409,1.41182,1.41204,1.50,1.31
2014.11.10 07:19:15.977,1.41182,1.41204,1.69,1.25
2014.11.10 07:19:19.103,1.41182,1.41204,1.69,1.00
2014.11.10 07:19:19.820,1.41183,1.41207,1.31,2.06
2014.11.10 07:19:20.339,1.41182,1.41204,2.06,1.00
2014.11.10 07:19:20.950,1.41182,1.41203,1.69,1.00
2014.11.10 07:19:21.501,1.41182,1.41204,2.44,1.00
2014.11.10 07:19:21.705,1.41182,1.41206,2.44,1.25
2014.11.10 07:19:22.271,1.41182,1.41206,1.87,2.06
2014.11.10 07:19:22.711,1.4118,1.41201,1.31,1.00
2014.11.10 07:19:23.476,1.41179,1.41201,2.44,1.00
2014.11.10 07:19:24.314,1.41181,1.41203,1.00,1.00
2014.11.10 07:19:25.187,1.41181,1.41201,1.00,1.25
2014.11.10 07:19:25.440,1.41178,1.412,1.25,1.00
2014.11.10 07:19:25.985,1.41179,1.41202,1.12,1.19
2014.11.10 07:19:26.213,1.41182,1.41203,1.00,1.19
2014.11.10 07:19:26.315,1.41183,1.41206,1.00,3.00
2014.11.10 07:19:26.980,1.41183,1.41205,1.00,1.56
2014.11.10 07:19:27.337,1.41181,1.41203,1.00,1.31
2014.11.10 07:19:27.504,1.41179,1.41202,1.31,1.25
2014.11.10 07:19:29.183,1.41182,1.41202,1.75,1.25
2014.11.10 07:19:29.285,1.41182,1.41208,1.75,1.75
2014.11.10 07:19:29.386,1.41182,1.41205,1.50,1.37
2014.11.10 07:19:29.538,1.4118,1.41205,2.06,1.37
2014.11.10 07:19:31.427,1.41179,1.41206,1.69,2.44
2014.11.10 07:19:32.288,1.41179,1.41206,2.44,2.81
2014.11.10 07:19:33.218,1.41179,1.41206,1.69,2.81
2014.11.10 07:19:33.759,1.41179,1.41206,2.44,2.06
2014.11.10 07:19:35.296,1.41179,1.41206,2.81,2.06
2014.11.10 07:19:35.846,1.41181,1.41203,1.25,1.00
2014.11.10 07:19:36.773,1.41179,1.41205,2.06,1.56
2014.11.10 07:19:37.323,1.41181,1.41203,1.25,1.00
2014.11.10 07:19:38.405,1.41179,1.41205,2.06,1.56
2014.11.10 07:19:39.005,1.41181,1.41203,1.25,1.00
2014.11.10 07:19:40.153,1.41182,1.41204,1.00,1.00
2014.11.10 07:19:40.312,1.41179,1.41202,2.81,1.00
2014.11.10 07:19:40.614,1.41179,1.41204,2.06,1.25
2014.11.10 07:19:42.474,1.41179,1.41205,1.56,1.37
2014.11.10 07:19:43.143,1.41179,1.41205,1.31,1.37
2014.11.10 07:19:44.005,1.41179,1.41205,2.06,1.37
2014.11.10 07:19:52.207,1.41178,1.41205,2.06,1.56
2014.11.10 07:19:53.194,1.4118,1.41205,1.19,1.56
2014.11.10 07:19:54.237,1.41182,1.41204,1.25,1.00
2014.11.10 07:19:55.005,1.41184,1.41206,1.00,1.56
2014.11.10 07:19:57.753,1.41183,1.41205,1.00,1.31
2014.11.10 07:19:58.413,1.41184,1.41206,1.00,1.56
2014.11.10 07:20:00.954,1.41184,1.41206,1.00,1.56
2014.11.10 07:20:01.056,1.41179,1.41206,2.81,2.81
2014.11.10 07:20:02.093,1.41179,1.41203,1.31,1.25
2014.11.10 07:20:02.195,1.41182,1.41204,1.00,1.69
2014.11.10 07:20:02.818,1.41183,1.41204,1.00,1.19
2014.11.10 07:20:03.634,1.41183,1.41205,1.50,1.00
2014.11.10 07:20:03.736,1.41185,1.41208,1.00,1.69
2014.11.10 07:20:04.292,1.41184,1.41206,1.12,1.25
2014.11.10 07:20:04.797,1.41183,1.41205,1.69,1.00
2014.11.10 07:20:04.848,1.41185,1.41208,1.00,1.56
2014.11.10 07:20:05.201,1.41183,1.41207,1.19,1.69
2014.11.10 07:20:08.205,1.41184,1.41206,1.25,1.31
2014.11.10 07:20:08.508,1.4118,1.41205,1.19,1.12
2014.11.10 07:20:09.334,1.41178,1.41205,2.06,2.81
2014.11.10 07:20:10.079,1.41178,1.41205,2.06,2.44
2014.11.10 07:20:10.180,1.4118,1.41205,1.37,2.06
2014.11.10 07:20:10.519,1.4118,1.41203,1.37,1.62
2014.11.10 07:20:10.569,1.4118,1.41198,1.00,1.25
2014.11.10 07:20:10.721,1.41176,1.41198,1.00,1.69
2014.11.10 07:20:10.948,1.41178,1.41198,1.00,1.25
2014.11.10 07:20:11.251,1.41176,1.41199,1.00,1.31
2014.11.10 07:20:11.771,1.41176,1.41199,1.00,1.69
2014.11.10 07:20:12.576,1.41175,1.41197,1.00,1.00
2014.11.10 07:20:13.077,1.41176,1.41198,1.00,1.62
2014.11.10 07:20:13.382,1.41173,1.41198,1.25,1.37
2014.11.10 07:20:13.937,1.41174,1.41198,1.00,1.37
2014.11.10 07:20:16.603,1.41175,1.412,1.00,1.31
2014.11.10 07:20:17.398,1.41175,1.412,1.00,1.31
2014.11.10 07:20:17.500,1.41177,1.41199,1.00,1.69
2014.11.10 07:20:17.702,1.41173,1.41199,1.31,1.25
2014.11.10 07:20:18.444,1.41175,1.412,1.00,2.06
2014.11.10 07:20:19.000,1.41175,1.412,1.25,1.56
2014.11.10 07:20:19.537,1.41176,1.412,1.00,1.56
2014.11.10 07:20:20.204,1.41175,1.412,1.31,1.19
2014.11.10 07:20:20.709,1.41175,1.41201,1.56,2.06
2014.11.10 07:20:22.066,1.41176,1.412,2.06,1.69
2014.11.10 07:20:23.331,1.41176,1.41198,2.06,1.00
2014.11.10 07:20:23.685,1.41181,1.41198,1.00,1.00
2014.11.10 07:20:24.144,1.41183,1.41199,1.00,1.25
2014.11.10 07:20:24.397,1.41184,1.41203,1.00,1.12
2014.11.10 07:20:24.448,1.41186,1.41203,1.00,1.37
2014.11.10 07:20:24.550,1.41186,1.41206,1.25,1.00
2014.11.10 07:20:24.702,1.41188,1.41206,1.00,1.00
2014.11.10 07:20:25.005,1.4119,1.41207,1.00,1.00
2014.11.10 07:20:25.258,1.41188,1.41207,1.25,1.00
2014.11.10 07:20:26.022,1.41187,1.41207,1.25,1.00
2014.11.10 07:20:26.475,1.41185,1.41209,2.06,1.50
2014.11.10 07:20:27.794,1.41185,1.41207,2.44,1.00
2014.11.10 07:20:28.803,1.41185,1.41209,2.44,1.00
2014.11.10 07:20:31.866,1.41185,1.41208,1.69,1.00
2014.11.10 07:20:32.371,1.41186,1.41207,1.56,1.00
2014.11.10 07:20:32.911,1.41186,1.41208,1.62,1.00
2014.11.10 07:20:33.759,1.41187,1.41209,1.12,1.25
2014.11.10 07:20:34.394,1.41188,1.4121,1.00,1.19
2014.11.10 07:20:34.748,1.41186,1.4121,1.25,1.19
2014.11.10 07:20:35.276,1.41186,1.4121,1.25,1.00
2014.11.10 07:20:35.787,1.41187,1.41209,1.00,1.00
2014.11.10 07:20:36.880,1.41187,1.41209,1.00,1.37
2014.11.10 07:20:36.932,1.41184,1.41206,1.37,1.87
2014.11.10 07:20:37.033,1.41184,1.41204,1.00,1.31
2014.11.10 07:20:37.084,1.4118,1.41202,1.31,1.00
2014.11.10 07:20:37.135,1.4118,1.41202,1.00,1.56
2014.11.10 07:20:37.186,1.41177,1.412,1.12,1.12
2014.11.10 07:20:37.237,1.41177,1.412,1.00,2.44
2014.11.10 07:20:37.288,1.41175,1.41198,1.00,1.37
2014.11.10 07:20:37.794,1.41175,1.41197,1.00,1.25
2014.11.10 07:20:37.896,1.41177,1.41197,1.00,1.25
2014.11.10 07:20:38.401,1.41178,1.41199,1.00,1.69
2014.11.10 07:20:38.922,1.41178,1.41199,1.00,1.69
2014.11.10 07:20:39.446,1.41177,1.41199,1.00,1.69
2014.11.10 07:20:39.955,1.41177,1.41199,1.00,1.25
2014.11.10 07:20:40.310,1.41179,1.41201,1.00,1.19
2014.11.10 07:20:41.145,1.41179,1.41202,1.00,2.81
2014.11.10 07:20:42.622,1.41177,1.41201,1.69,1.19
2014.11.10 07:20:43.471,1.41177,1.41201,1.69,1.12
2014.11.10 07:20:43.997,1.41177,1.41199,1.69,1.00
2014.11.10 07:20:44.527,1.41178,1.412,1.00,1.00
2014.11.10 07:20:45.183,1.41178,1.412,1.00,1.19
2014.11.10 07:20:45.500,1.4118,1.41202,1.50,1.00
2014.11.10 07:20:45.804,1.41183,1.41203,1.62,1.00
2014.11.10 07:20:46.315,1.41183,1.41203,1.31,1.00
2014.11.10 07:20:46.824,1.41183,1.41203,1.31,1.00
2014.11.10 07:20:47.075,1.41185,1.41206,1.00,1.25
2014.11.10 07:20:47.892,1.41185,1.41205,1.00,1.19
2014.11.10 07:20:48.044,1.41181,1.41203,1.25,1.62
2014.11.10 07:20:48.148,1.41179,1.41202,1.00,2.06
2014.11.10 07:20:48.654,1.41176,1.41199,1.69,1.00
2014.11.10 07:20:48.958,1.41176,1.41199,1.00,1.56
2014.11.10 07:20:50.250,1.41175,1.41199,1.00,2.06
2014.11.10 07:20:52.544,1.41177,1.41199,1.00,2.06
2014.11.10 07:20:53.504,1.41177,1.41199,1.00,1.56
2014.11.10 07:20:54.777,1.41178,1.412,1.00,2.81
2014.11.10 07:20:55.831,1.41178,1.41199,1.00,1.31
2014.11.10 07:20:56.844,1.41177,1.41199,1.00,2.06
2014.11.10 07:20:58.937,1.41177,1.41199,1.00,2.06
2014.11.10 07:21:00.133,1.41176,1.41198,1.50,1.25
2014.11.10 07:21:00.749,1.41177,1.412,1.62,1.00
2014.11.10 07:21:01.360,1.41179,1.41203,1.00,3.19
2014.11.10 07:21:01.908,1.4118,1.41202,1.00,2.06
2014.11.10 07:21:02.583,1.41179,1.41202,1.00,1.31
2014.11.10 07:21:03.089,1.41178,1.41201,1.00,1.31
2014.11.10 07:21:03.427,1.4118,1.41202,1.00,2.06
2014.11.10 07:21:04.114,1.4118,1.41202,1.00,2.81
2014.11.10 07:21:04.267,1.41178,1.41202,1.00,2.81
2014.11.10 07:21:05.117,1.41178,1.41202,1.25,2.06
2014.11.10 07:21:05.814,1.41178,1.41201,1.25,1.00
2014.11.10 07:21:10.393,1.41178,1.41202,1.25,1.31
2014.11.10 07:21:10.943,1.41178,1.41201,1.25,1.00
2014.11.10 07:21:12.684,1.41178,1.41201,1.62,1.25
2014.11.10 07:21:12.785,1.41184,1.41206,1.00,2.44
2014.11.10 07:21:12.887,1.41183,1.41206,1.87,1.19
2014.11.10 07:21:12.988,1.41186,1.41209,1.00,1.31
2014.11.10 07:21:13.498,1.41186,1.41209,1.31,1.00
2014.11.10 07:21:13.953,1.4119,1.41213,1.00,1.75
2014.11.10 07:21:14.467,1.4119,1.41212,1.00,1.69
2014.11.10 07:21:16.369,1.41188,1.41211,1.69,1.00
2014.11.10 07:21:16.471,1.41185,1.41209,1.50,1.00
2014.11.10 07:21:16.522,1.41184,1.41209,1.50,1.50
2014.11.10 07:21:16.623,1.41182,1.41206,1.00,1.69
2014.11.10 07:21:16.776,1.4118,1.41203,1.31,1.00
2014.11.10 07:21:17.332,1.41184,1.41206,1.00,2.06
2014.11.10 07:21:17.636,1.41188,1.41212,1.25,1.31
2014.11.10 07:21:17.990,1.41191,1.41213,1.19,1.00
2014.11.10 07:21:18.294,1.412,1.41222,1.00,1.50
2014.11.10 07:21:18.446,1.41196,1.41218,1.00,1.25
2014.11.10 07:21:18.547,1.41195,1.41216,1.25,1.00
2014.11.10 07:21:19.063,1.41194,1.41216,1.00,1.12
2014.11.10 07:21:19.771,1.41194,1.41216,1.00,2.06
2014.11.10 07:21:23.379,1.41194,1.41215,1.00,1.56
2014.11.10 07:21:26.787,1.41194,1.41216,1.00,2.44
2014.11.10 07:21:28.792,1.41194,1.41215,1.00,1.56
2014.11.10 07:21:33.278,1.41193,1.41215,1.00,1.31
2014.11.10 07:21:33.836,1.41193,1.41216,1.00,2.44
2014.11.10 07:21:36.151,1.41191,1.41213,2.44,1.00
2014.11.10 07:21:37.114,1.41192,1.41214,1.12,1.25
2014.11.10 07:21:37.837,1.41192,1.41214,1.37,1.00
2014.11.10 07:21:38.746,1.41192,1.41214,2.06,1.00
2014.11.10 07:21:39.562,1.41194,1.41217,1.69,1.25
2014.11.10 07:21:39.788,1.41193,1.41215,1.56,1.00
2014.11.10 07:21:41.683,1.41193,1.41215,1.62,1.00
2014.11.10 07:21:42.188,1.41192,1.41214,1.31,1.00
2014.11.10 07:21:42.502,1.41191,1.41213,2.06,1.00
2014.11.10 07:21:43.023,1.41191,1.41212,1.31,1.00
2014.11.10 07:21:43.642,1.41192,1.41212,1.00,1.00
2014.11.10 07:21:43.935,1.41192,1.41214,1.50,1.25
2014.11.10 07:21:45.239,1.41192,1.41214,1.50,1.19
2014.11.10 07:21:47.212,1.41192,1.41214,1.87,1.19
2014.11.10 07:21:49.672,1.41192,1.41214,1.50,1.19
2014.11.10 07:21:50.751,1.41192,1.41214,1.50,1.25
2014.11.10 07:21:51.333,1.41191,1.41213,1.69,1.00
2014.11.10 07:21:51.435,1.41193,1.41214,1.00,1.31
2014.11.10 07:21:54.354,1.41192,1.41214,1.00,1.00
2014.11.10 07:21:55.270,1.41191,1.41217,1.69,2.81
2014.11.10 07:21:55.798,1.41191,1.41216,1.19,2.06
2014.11.10 07:21:56.365,1.41191,1.41215,2.44,1.69
2014.11.10 07:21:56.933,1.41193,1.41215,1.00,1.56
2014.11.10 07:21:59.186,1.41193,1.41215,1.00,1.00
2014.11.10 07:21:59.489,1.41191,1.41213,1.00,2.62
2014.11.10 07:22:00.082,1.41191,1.41213,1.50,1.37
2014.11.10 07:22:00.586,1.41191,1.41213,1.50,1.25
2014.11.10 07:22:03.992,1.41191,1.41213,1.50,1.19
2014.11.10 07:22:04.195,1.41193,1.41214,1.00,1.19
2014.11.10 07:22:05.132,1.41193,1.41215,1.00,1.69
2014.11.10 07:22:08.552,1.41193,1.41216,1.00,3.19
2014.11.10 07:22:09.119,1.41192,1.41214,1.00,1.31
2014.11.10 07:22:10.153,1.4119,1.41212,1.25,1.00
2014.11.10 07:22:10.254,1.4119,1.41212,1.00,2.44
2014.11.10 07:22:10.682,1.41185,1.41212,2.62,2.06
2014.11.10 07:22:11.454,1.41185,1.41212,1.12,1.62
2014.11.10 07:22:14.034,1.41186,1.41212,1.56,2.06
2014.11.10 07:22:15.268,1.41185,1.41211,1.69,1.31
2014.11.10 07:22:16.652,1.41187,1.41212,1.31,1.56
2014.11.10 07:22:17.742,1.41187,1.41213,2.06,1.56
2014.11.10 07:22:18.298,1.41189,1.41213,1.00,1.56
2014.11.10 07:22:18.846,1.4119,1.41214,1.00,1.56
2014.11.10 07:22:19.912,1.41188,1.41214,1.69,1.56
2014.11.10 07:22:22.899,1.41189,1.41214,1.69,1.19
2014.11.10 07:22:23.107,1.41189,1.41217,2.44,3.00
2014.11.10 07:22:23.613,1.41191,1.41217,1.62,1.56
2014.11.10 07:22:25.387,1.41191,1.41217,2.81,1.56
2014.11.10 07:22:25.489,1.41193,1.41219,1.69,1.56
2014.11.10 07:22:26.722,1.41194,1.41218,1.25,1.19
2014.11.10 07:22:27.392,1.41195,1.41218,1.00,1.19
2014.11.10 07:22:27.775,1.41195,1.4122,1.19,2.06
2014.11.10 07:22:27.826,1.41195,1.4122,1.19,2.81
2014.11.10 07:22:27.978,1.41188,1.41212,1.25,1.56
2014.11.10 07:22:28.232,1.41188,1.41213,1.25,2.06
2014.11.10 07:22:28.283,1.41195,1.41213,1.00,1.87
2014.11.10 07:22:28.384,1.41195,1.41217,1.25,1.00
2014.11.10 07:22:28.435,1.41197,1.41219,1.00,1.19
2014.11.10 07:22:28.738,1.412,1.4122,1.00,2.25
2014.11.10 07:22:29.092,1.41202,1.4122,1.00,1.87
2014.11.10 07:22:29.642,1.41201,1.4122,1.00,1.50
2014.11.10 07:22:30.306,1.41201,1.4122,1.00,1.31
2014.11.10 07:22:30.610,1.41206,1.41222,1.00,1.19
2014.11.10 07:22:31.022,1.41207,1.41226,1.00,1.19
2014.11.10 07:22:31.174,1.412,1.41225,1.16,1.25
2014.11.10 07:22:32.012,1.412,1.41225,1.16,1.69
2014.11.10 07:22:32.357,1.41207,1.41225,1.00,1.69
2014.11.10 07:22:32.892,1.41206,1.41225,1.00,1.31
2014.11.10 07:22:33.491,1.41206,1.41226,1.00,2.44
2014.11.10 07:22:34.338,1.41207,1.41226,1.00,1.31
2014.11.10 07:22:34.844,1.41208,1.41226,1.00,1.19
2014.11.10 07:22:35.148,1.41212,1.41226,1.00,1.19
2014.11.10 07:22:36.011,1.41212,1.41227,1.00,1.19
2014.11.10 07:22:36.112,1.4121,1.41227,1.00,1.19
2014.11.10 07:22:37.214,1.4121,1.41227,1.00,1.19
2014.11.10 07:22:38.217,1.4121,1.41228,1.00,1.19
2014.11.10 07:22:41.722,1.41211,1.41228,1.00,1.19
2014.11.10 07:22:42.282,1.41212,1.41228,1.00,1.19
2014.11.10 07:22:42.840,1.41213,1.41229,1.00,1.19
2014.11.10 07:22:43.738,1.41213,1.41229,1.00,1.19
2014.11.10 07:22:45.042,1.41213,1.41229,1.00,1.25
2014.11.10 07:22:47.321,1.41212,1.41229,1.00,1.25
2014.11.10 07:22:47.423,1.41208,1.41229,1.00,1.25
2014.11.10 07:22:47.660,1.41206,1.41228,1.00,2.06
2014.11.10 07:22:47.963,1.41208,1.41228,1.00,1.69
2014.11.10 07:22:48.581,1.41207,1.41228,1.00,1.19
2014.11.10 07:22:49.861,1.41209,1.41228,1.00,1.19
2014.11.10 07:22:50.556,1.41209,1.4123,1.00,2.06
2014.11.10 07:22:50.842,1.41205,1.41227,1.56,1.00
2014.11.10 07:22:51.372,1.41208,1.4123,1.00,2.06
2014.11.10 07:22:52.610,1.4121,1.4123,1.00,1.19
2014.11.10 07:22:52.711,1.41208,1.4123,1.00,1.69
2014.11.10 07:22:53.532,1.41208,1.41231,1.00,1.19
2014.11.10 07:22:53.901,1.41212,1.41231,1.00,1.19
2014.11.10 07:22:54.017,1.41209,1.41231,1.00,1.19
2014.11.10 07:22:54.122,1.41212,1.41232,1.00,2.06
2014.11.10 07:22:55.112,1.41213,1.41232,1.00,2.06
2014.11.10 07:22:55.897,1.41212,1.41232,1.00,2.06
2014.11.10 07:22:56.251,1.41214,1.41231,1.00,1.69
2014.11.10 07:22:56.353,1.41209,1.41231,1.00,1.31
2014.11.10 07:22:56.808,1.41208,1.41229,1.00,1.31
2014.11.10 07:22:57.010,1.412,1.41223,1.00,1.19
2014.11.10 07:22:57.112,1.41197,1.4122,1.37,1.19
2014.11.10 07:22:57.213,1.412,1.41226,1.00,4.69
2014.11.10 07:22:57.314,1.41205,1.41223,1.25,1.12
2014.11.10 07:22:57.365,1.41205,1.41228,1.25,1.50
2014.11.10 07:22:57.467,1.4121,1.41228,1.00,1.50
2014.11.10 07:22:57.519,1.4121,1.41229,1.00,1.25
2014.11.10 07:22:57.672,1.41208,1.4123,1.00,1.50
2014.11.10 07:22:58.104,1.41215,1.41233,1.00,1.56
2014.11.10 07:22:58.155,1.41215,1.41233,1.00,1.19
2014.11.10 07:22:58.307,1.41214,1.41232,1.00,1.19
2014.11.10 07:22:58.459,1.41207,1.41232,1.12,1.19
2014.11.10 07:22:58.763,1.41212,1.41232,1.00,1.31
2014.11.10 07:22:59.402,1.4121,1.41232,1.00,1.31
2014.11.10 07:22:59.844,1.41212,1.41232,1.00,1.19
2014.11.10 07:23:00.097,1.41213,1.41234,1.00,1.50
2014.11.10 07:23:00.198,1.41215,1.41234,1.00,1.12
2014.11.10 07:23:00.300,1.41216,1.41238,1.00,3.94
2014.11.10 07:23:00.932,1.41217,1.41238,1.00,1.69
2014.11.10 07:23:02.120,1.41215,1.41236,1.00,1.31
2014.11.10 07:23:02.423,1.41217,1.41236,1.00,1.19
2014.11.10 07:23:02.575,1.41215,1.41236,1.00,1.19
2014.11.10 07:23:03.081,1.41216,1.41236,1.00,1.19
2014.11.10 07:23:03.132,1.41213,1.41235,1.00,1.31
2014.11.10 07:23:03.233,1.4121,1.41234,1.19,1.69
2014.11.10 07:23:03.464,1.41213,1.41235,1.00,1.94
2014.11.10 07:23:03.969,1.41214,1.41235,1.00,1.19
2014.11.10 07:23:04.272,1.41217,1.41239,1.00,3.00
2014.11.10 07:23:04.575,1.4122,1.41239,1.00,1.69
2014.11.10 07:23:04.792,1.41217,1.41239,1.12,1.69
2014.11.10 07:23:05.264,1.41217,1.41239,1.37,1.19
2014.11.10 07:23:06.225,1.41217,1.4124,1.62,1.19
2014.11.10 07:23:06.378,1.41217,1.4124,1.25,1.31
2014.11.10 07:23:06.430,1.41213,1.41235,2.00,1.00
2014.11.10 07:23:06.481,1.41213,1.41235,1.31,1.00
2014.11.10 07:23:06.531,1.4121,1.41235,1.94,1.69
2014.11.10 07:23:06.785,1.41209,1.41233,1.62,2.44
2014.11.10 07:23:07.379,1.41211,1.41233,1.00,1.69
2014.11.10 07:23:07.915,1.4121,1.41232,1.12,1.19
2014.11.10 07:23:08.455,1.41207,1.41233,3.19,1.19
2014.11.10 07:23:09.188,1.41207,1.41233,2.44,1.50
2014.11.10 07:23:11.864,1.41208,1.41233,1.37,1.19
2014.11.10 07:23:12.949,1.41211,1.41234,1.37,1.50
2014.11.10 07:23:13.151,1.41214,1.41235,1.00,1.12
2014.11.10 07:23:13.456,1.41218,1.41239,1.00,1.31
2014.11.10 07:23:13.991,1.41219,1.41241,1.00,1.44
2014.11.10 07:23:14.042,1.41221,1.41242,1.00,1.50
2014.11.10 07:23:14.345,1.41219,1.41241,1.00,1.44
2014.11.10 07:23:15.008,1.41219,1.41241,1.00,1.25
2014.11.10 07:23:16.010,1.41221,1.41243,1.00,1.69
2014.11.10 07:23:16.300,1.41219,1.41241,1.25,1.00
