2014.11.26 03:00:00.461,1.40518,1.40547,1.00,1.00
2014.11.26 03:00:00.806,1.40518,1.40545,1.00,1.00
2014.11.26 03:00:01.465,1.40518,1.40544,1.00,1.00
2014.11.26 03:00:02.080,1.40518,1.40543,1.00,1.00
2014.11.26 03:00:02.303,1.40516,1.40543,1.00,1.00
2014.11.26 03:00:08.180,1.40516,1.40544,1.00,1.50
2014.11.26 03:00:08.993,1.40516,1.40545,1.50,1.50
2014.11.26 03:00:13.033,1.40516,1.40547,1.00,2.25
2014.11.26 03:00:16.223,1.40516,1.40546,1.00,1.00
2014.11.26 03:00:24.725,1.40516,1.40544,1.00,1.00
2014.11.26 03:00:25.439,1.40516,1.40545,1.50,1.00
2014.11.26 03:00:29.554,1.40519,1.40545,1.00,1.50
2014.11.26 03:00:29.858,1.40524,1.40547,1.00,1.50
2014.11.26 03:00:29.959,1.40524,1.40552,1.00,2.25
2014.11.26 03:00:30.653,1.40524,1.4055,1.00,1.50
2014.11.26 03:00:30.956,1.40522,1.40546,1.00,1.00
2014.11.26 03:00:31.410,1.40522,1.40544,1.00,1.00
2014.11.26 03:00:32.023,1.40522,1.40545,1.00,1.00
2014.11.26 03:00:32.075,1.40522,1.40547,1.00,1.00
2014.11.26 03:00:32.226,1.40522,1.40549,1.00,1.00
2014.11.26 03:00:32.682,1.40521,1.40551,3.75,1.00
2014.11.26 03:00:34.908,1.40522,1.40552,1.00,1.50
2014.11.26 03:00:36.149,1.40521,1.40551,3.75,1.00
2014.11.26 03:00:36.759,1.40522,1.40552,1.00,1.50
2014.11.26 03:00:37.350,1.40521,1.40551,3.75,1.00
2014.11.26 03:00:38.607,1.40522,1.40552,1.00,1.50
2014.11.26 03:00:39.166,1.40521,1.40551,3.75,1.00
2014.11.26 03:00:40.143,1.40522,1.40552,1.00,1.00
2014.11.26 03:00:40.919,1.40521,1.40551,3.00,1.00
2014.11.26 03:00:41.833,1.40522,1.40552,1.00,1.50
2014.11.26 03:00:42.513,1.40523,1.40552,1.00,1.00
2014.11.26 03:00:43.125,1.40522,1.40552,1.00,1.50
2014.11.26 03:00:44.364,1.40522,1.40554,2.25,1.50
2014.11.26 03:00:44.690,1.40524,1.40554,1.00,1.00
2014.11.26 03:00:45.434,1.40525,1.40555,1.00,1.50
2014.11.26 03:00:46.600,1.40525,1.40553,1.00,1.00
2014.11.26 03:00:50.374,1.40523,1.40553,1.50,1.50
2014.11.26 03:00:50.476,1.40525,1.40552,1.00,1.00
2014.11.26 03:00:51.097,1.40523,1.40552,1.00,1.00
2014.11.26 03:00:52.572,1.40523,1.40551,1.00,1.00
2014.11.26 03:00:53.404,1.40522,1.40551,3.00,1.00
2014.11.26 03:00:53.455,1.40522,1.40549,1.50,1.00
2014.11.26 03:00:53.757,1.40519,1.40546,1.00,1.00
2014.11.26 03:00:54.307,1.40517,1.40546,1.56,1.00
2014.11.26 03:00:54.747,1.40522,1.40546,1.00,1.00
2014.11.26 03:00:54.798,1.40522,1.4055,1.00,1.00
2014.11.26 03:00:54.849,1.40522,1.40552,1.00,1.50
2014.11.26 03:00:55.386,1.40523,1.40552,1.00,1.00
2014.11.26 03:00:55.781,1.40523,1.4055,1.00,1.00
2014.11.26 03:00:55.883,1.4052,1.4055,1.00,1.00
2014.11.26 03:00:56.414,1.40519,1.40549,1.50,1.50
2014.11.26 03:00:56.936,1.40519,1.40548,1.00,1.00
2014.11.26 03:00:57.088,1.40518,1.40546,1.00,1.00
2014.11.26 03:00:57.664,1.40517,1.40545,1.50,1.00
2014.11.26 03:00:59.270,1.40517,1.40546,3.00,1.00
2014.11.26 03:01:00.325,1.40518,1.40547,1.00,1.00
2014.11.26 03:01:01.015,1.40517,1.40546,3.00,1.00
2014.11.26 03:01:06.809,1.40517,1.40545,2.25,1.00
2014.11.26 03:01:08.306,1.40517,1.40544,1.50,1.00
2014.11.26 03:01:08.964,1.40517,1.40545,1.50,1.00
2014.11.26 03:01:09.485,1.40517,1.40546,1.50,1.00
2014.11.26 03:01:10.177,1.40517,1.40545,1.50,1.00
2014.11.26 03:01:11.490,1.40517,1.40546,3.00,1.50
2014.11.26 03:01:14.212,1.40517,1.40545,1.50,1.00
2014.11.26 03:01:14.787,1.40517,1.40546,1.50,1.00
2014.11.26 03:01:16.403,1.40517,1.40545,1.00,1.00
2014.11.26 03:01:16.912,1.40517,1.40546,1.50,1.00
2014.11.26 03:01:17.439,1.40517,1.40545,1.00,1.00
2014.11.26 03:01:18.394,1.40517,1.40544,1.00,1.00
2014.11.26 03:01:18.913,1.40517,1.40545,1.00,1.50
2014.11.26 03:01:20.360,1.40517,1.40544,1.00,1.00
2014.11.26 03:01:22.079,1.40517,1.40542,1.00,1.00
2014.11.26 03:01:22.281,1.40516,1.40544,1.00,1.00
2014.11.26 03:01:22.858,1.40515,1.40544,1.00,1.00
2014.11.26 03:01:26.633,1.40515,1.40543,1.00,1.00
2014.11.26 03:01:28.249,1.40515,1.40544,1.00,1.50
2014.11.26 03:01:29.391,1.40515,1.40543,1.00,1.00
2014.11.26 03:01:30.042,1.40513,1.40543,2.25,1.50
2014.11.26 03:01:30.446,1.40516,1.40543,1.00,1.50
2014.11.26 03:01:31.043,1.40514,1.40543,1.00,1.00
2014.11.26 03:01:31.768,1.40514,1.40544,1.50,1.50
2014.11.26 03:01:32.827,1.40514,1.40542,1.50,1.00
2014.11.26 03:01:33.130,1.40514,1.40535,1.00,1.00
2014.11.26 03:01:33.231,1.40515,1.40541,1.00,1.00
2014.11.26 03:01:33.590,1.40515,1.40538,1.00,1.00
2014.11.26 03:01:33.893,1.40515,1.40534,1.00,1.00
2014.11.26 03:01:33.944,1.40513,1.40534,1.00,1.00
2014.11.26 03:01:34.156,1.4051,1.40534,1.00,1.00
2014.11.26 03:01:34.348,1.4051,1.40532,1.00,1.00
2014.11.26 03:01:34.657,1.40508,1.40532,1.00,1.00
2014.11.26 03:01:36.041,1.40508,1.40533,1.00,1.00
2014.11.26 03:01:38.312,1.40508,1.40531,1.00,1.00
2014.11.26 03:01:42.295,1.40508,1.40532,1.00,1.25
2014.11.26 03:01:44.798,1.40508,1.40533,1.00,1.50
2014.11.26 03:01:46.652,1.40508,1.40533,1.00,1.19
2014.11.26 03:01:50.389,1.40508,1.40533,1.00,2.25
2014.11.26 03:01:50.875,1.40509,1.40531,1.00,1.00
2014.11.26 03:01:50.961,1.40509,1.40533,1.00,2.25
2014.11.26 03:01:55.313,1.40509,1.40532,1.00,1.00
2014.11.26 03:01:55.597,1.40507,1.40532,1.00,1.00
2014.11.26 03:01:56.570,1.40508,1.40532,1.00,1.00
2014.11.26 03:01:57.001,1.4051,1.40532,1.00,1.00
2014.11.26 03:01:57.053,1.4051,1.40536,1.00,1.00
2014.11.26 03:01:57.560,1.40511,1.40536,1.00,1.00
2014.11.26 03:02:09.428,1.4051,1.40536,1.50,1.00
2014.11.26 03:02:21.391,1.40513,1.40536,1.00,1.00
2014.11.26 03:02:21.680,1.40513,1.40538,1.00,1.50
2014.11.26 03:02:21.731,1.40516,1.40538,1.00,1.50
2014.11.26 03:02:21.883,1.40519,1.40543,1.00,1.50
2014.11.26 03:02:22.084,1.40519,1.40545,1.00,1.00
2014.11.26 03:02:22.337,1.40521,1.40543,1.00,1.00
2014.11.26 03:02:25.404,1.40521,1.40542,1.00,1.00
2014.11.26 03:02:31.768,1.40521,1.40543,1.00,1.00
2014.11.26 03:02:33.510,1.40519,1.40543,1.00,1.00
2014.11.26 03:02:35.281,1.4052,1.40543,1.00,1.00
2014.11.26 03:02:35.383,1.40523,1.40543,1.00,1.00
2014.11.26 03:02:35.706,1.40525,1.40544,1.00,1.00
2014.11.26 03:02:36.010,1.40529,1.40545,1.00,1.00
2014.11.26 03:02:36.112,1.40531,1.40553,1.00,1.00
2014.11.26 03:02:36.264,1.40531,1.40555,1.00,1.00
2014.11.26 03:02:40.696,1.40531,1.40553,1.00,1.00
2014.11.26 03:02:45.245,1.40531,1.40554,1.00,1.00
2014.11.26 03:02:56.580,1.40532,1.40554,1.00,1.00
2014.11.26 03:02:57.102,1.40533,1.40553,1.00,1.00
2014.11.26 03:03:07.298,1.40533,1.40558,1.00,1.00
2014.11.26 03:03:15.804,1.40534,1.4056,1.00,1.50
2014.11.26 03:03:16.339,1.40535,1.4056,1.00,1.00
2014.11.26 03:03:23.139,1.40536,1.4056,1.00,1.50
2014.11.26 03:03:24.953,1.40535,1.4056,1.00,1.00
2014.11.26 03:03:29.627,1.40536,1.4056,1.00,1.00
2014.11.26 03:03:29.877,1.40533,1.40559,1.50,1.00
2014.11.26 03:03:34.579,1.40533,1.40558,1.50,1.00
2014.11.26 03:03:41.884,1.40532,1.40558,1.00,3.00
2014.11.26 03:03:42.548,1.40532,1.40557,1.00,1.00
2014.11.26 03:03:49.332,1.40533,1.40557,1.00,1.00
2014.11.26 03:03:51.325,1.40534,1.40557,1.00,1.50
2014.11.26 03:03:59.986,1.40534,1.40558,1.00,2.25
2014.11.26 03:04:04.834,1.40534,1.40557,1.00,1.00
2014.11.26 03:04:08.347,1.40534,1.40558,1.00,1.50
2014.11.26 03:04:09.062,1.40534,1.40557,1.00,1.00
2014.11.26 03:04:11.129,1.40533,1.40557,1.00,1.00
2014.11.26 03:04:17.069,1.40534,1.40557,1.00,1.50
2014.11.26 03:04:27.187,1.40535,1.40557,1.00,1.50
2014.11.26 03:04:34.446,1.40536,1.40557,1.00,1.00
2014.11.26 03:04:35.001,1.40536,1.40556,1.00,1.00
2014.11.26 03:04:36.098,1.40535,1.40556,1.00,1.00
2014.11.26 03:04:36.693,1.40536,1.40556,1.00,1.00
2014.11.26 03:04:48.215,1.40534,1.40557,1.00,1.00
2014.11.26 03:04:48.872,1.40535,1.40558,1.00,2.25
2014.11.26 03:04:50.076,1.40533,1.40558,1.00,1.50
2014.11.26 03:04:50.229,1.40533,1.40555,1.00,1.50
2014.11.26 03:04:50.332,1.4053,1.40555,1.00,1.50
2014.11.26 03:04:50.435,1.4053,1.40553,1.00,1.00
2014.11.26 03:04:50.737,1.40527,1.40549,1.00,1.00
2014.11.26 03:04:51.046,1.40526,1.40544,1.00,1.00
2014.11.26 03:04:51.147,1.40523,1.40544,1.00,1.00
2014.11.26 03:04:51.611,1.4052,1.40543,1.00,1.00
2014.11.26 03:04:51.662,1.4052,1.40548,1.50,1.69
2014.11.26 03:04:51.713,1.40523,1.40548,1.00,1.69
2014.11.26 03:04:51.916,1.40528,1.40552,1.00,1.00
2014.11.26 03:04:51.966,1.40532,1.40552,1.00,1.00
2014.11.26 03:04:52.017,1.40532,1.40554,1.00,1.00
2014.11.26 03:04:52.553,1.40532,1.40555,1.00,1.00
2014.11.26 03:04:52.815,1.40534,1.40555,1.00,1.00
2014.11.26 03:04:52.984,1.40534,1.40558,1.00,1.00
2014.11.26 03:04:59.274,1.40534,1.40559,1.00,1.00
2014.11.26 03:04:59.934,1.40534,1.40557,1.00,1.00
2014.11.26 03:05:02.700,1.40534,1.40561,1.50,1.00
2014.11.26 03:05:02.751,1.40537,1.40561,1.50,1.00
2014.11.26 03:05:02.852,1.40539,1.40564,1.00,1.00
2014.11.26 03:05:02.953,1.40541,1.40566,1.00,1.00
2014.11.26 03:05:03.256,1.40541,1.40568,1.00,1.00
2014.11.26 03:05:03.367,1.40541,1.4057,1.00,2.25
2014.11.26 03:05:03.638,1.40544,1.4057,1.00,2.25
2014.11.26 03:05:04.035,1.40542,1.4057,1.00,1.00
2014.11.26 03:05:04.767,1.40542,1.40569,1.00,1.00
2014.11.26 03:05:05.356,1.40544,1.40569,1.00,1.00
2014.11.26 03:05:07.176,1.40544,1.4057,1.00,1.00
2014.11.26 03:05:07.689,1.40544,1.40569,1.00,1.00
2014.11.26 03:05:09.191,1.40544,1.4057,1.00,1.00
2014.11.26 03:05:13.399,1.40547,1.4057,1.00,1.00
2014.11.26 03:05:15.537,1.40547,1.40569,1.00,1.00
2014.11.26 03:05:16.406,1.40547,1.4057,1.00,1.00
2014.11.26 03:05:17.212,1.40547,1.40571,1.00,1.50
2014.11.26 03:05:19.517,1.40547,1.4057,1.00,1.00
2014.11.26 03:05:21.166,1.40547,1.40571,1.00,1.50
2014.11.26 03:05:27.388,1.40545,1.40571,1.00,1.50
2014.11.26 03:05:35.623,1.40546,1.40571,1.00,1.50
2014.11.26 03:05:44.186,1.40547,1.40571,1.00,1.00
2014.11.26 03:05:44.736,1.40547,1.40572,1.00,1.00
2014.11.26 03:05:49.906,1.40546,1.40572,1.00,1.00
2014.11.26 03:05:51.106,1.40546,1.40571,1.00,1.00
2014.11.26 03:05:59.125,1.40546,1.40572,1.00,1.00
2014.11.26 03:05:59.662,1.40545,1.40571,1.00,1.00
2014.11.26 03:06:01.824,1.40546,1.40571,1.00,1.00
2014.11.26 03:06:02.053,1.40546,1.40574,1.00,1.50
2014.11.26 03:06:15.139,1.40545,1.40574,1.00,1.00
2014.11.26 03:06:16.068,1.40545,1.40573,1.00,1.00
2014.11.26 03:06:31.405,1.40546,1.40573,1.00,1.00
2014.11.26 03:06:32.695,1.40544,1.40573,1.50,1.00
2014.11.26 03:06:42.840,1.40546,1.40573,1.00,1.00
2014.11.26 03:06:43.450,1.40545,1.40573,1.00,1.00
2014.11.26 03:06:44.631,1.40544,1.40573,1.00,1.00
2014.11.26 03:06:48.006,1.40543,1.40573,1.50,1.00
2014.11.26 03:06:50.234,1.40544,1.40573,1.00,1.00
2014.11.26 03:07:17.794,1.40544,1.40568,1.00,1.00
2014.11.26 03:07:17.844,1.40542,1.40568,2.25,1.00
2014.11.26 03:07:17.996,1.4054,1.40561,1.00,1.00
2014.11.26 03:07:18.097,1.40537,1.40561,1.50,1.00
2014.11.26 03:07:18.198,1.40534,1.40561,1.00,1.00
2014.11.26 03:07:18.249,1.40534,1.40559,1.00,1.00
2014.11.26 03:07:18.787,1.40535,1.40559,1.00,1.00
2014.11.26 03:07:20.144,1.40534,1.40559,1.00,1.00
2014.11.26 03:07:23.414,1.40534,1.40558,1.00,1.00
2014.11.26 03:07:25.324,1.40536,1.40558,1.00,1.00
2014.11.26 03:07:26.054,1.40536,1.40553,1.00,1.00
2014.11.26 03:07:26.357,1.40535,1.40543,1.00,1.00
2014.11.26 03:07:26.509,1.40533,1.40543,1.00,1.00
2014.11.26 03:07:26.610,1.40533,1.40539,1.00,1.00
2014.11.26 03:07:26.662,1.40529,1.40539,1.00,1.00
2014.11.26 03:07:26.814,1.40529,1.40536,1.00,1.00
2014.11.26 03:07:26.865,1.40518,1.40535,1.00,1.00
2014.11.26 03:07:26.966,1.40522,1.40535,1.00,1.00
2014.11.26 03:07:27.068,1.40513,1.40534,1.00,1.00
2014.11.26 03:07:27.169,1.40514,1.40536,1.00,1.50
2014.11.26 03:07:27.704,1.40514,1.40535,1.00,1.00
2014.11.26 03:07:27.860,1.40512,1.40535,1.00,1.00
2014.11.26 03:07:28.155,1.4051,1.40535,1.00,1.00
2014.11.26 03:07:28.513,1.4051,1.40533,1.00,1.00
2014.11.26 03:07:28.817,1.40512,1.40527,1.00,1.00
2014.11.26 03:07:29.463,1.40511,1.40527,1.00,1.50
2014.11.26 03:07:29.905,1.40511,1.40527,1.00,1.65
2014.11.26 03:07:31.643,1.40511,1.40527,1.00,1.87
2014.11.26 03:07:35.492,1.40511,1.40523,1.00,1.00
2014.11.26 03:07:35.678,1.40509,1.40523,1.00,1.00
2014.11.26 03:07:36.545,1.40508,1.40523,1.00,1.00
2014.11.26 03:07:37.059,1.40508,1.40522,1.00,1.00
2014.11.26 03:07:40.056,1.4051,1.40522,1.00,1.00
2014.11.26 03:07:40.179,1.4051,1.40524,1.00,1.00
2014.11.26 03:07:40.381,1.40507,1.40525,1.00,1.50
2014.11.26 03:07:40.482,1.40509,1.40525,1.00,1.50
2014.11.26 03:07:41.692,1.40509,1.40524,1.00,1.00
2014.11.26 03:07:41.902,1.40507,1.40524,1.00,1.00
2014.11.26 03:07:42.165,1.40509,1.40523,1.00,1.00
2014.11.26 03:07:42.790,1.40508,1.40523,1.00,1.00
2014.11.26 03:07:46.854,1.40507,1.40523,1.00,1.00
2014.11.26 03:07:49.648,1.40507,1.40524,1.00,1.00
2014.11.26 03:07:51.693,1.40507,1.40526,1.00,1.00
2014.11.26 03:07:51.844,1.4051,1.40526,1.00,1.00
2014.11.26 03:07:52.168,1.40508,1.40524,1.00,1.00
2014.11.26 03:07:52.313,1.40508,1.40526,1.00,1.00
2014.11.26 03:07:54.003,1.40508,1.40524,1.00,1.00
2014.11.26 03:08:03.643,1.40508,1.40525,1.00,1.00
2014.11.26 03:08:04.963,1.40508,1.40523,1.00,1.00
2014.11.26 03:08:05.467,1.40508,1.40522,1.00,1.00
2014.11.26 03:08:06.031,1.40508,1.40523,1.00,1.00
2014.11.26 03:08:07.273,1.40508,1.40522,1.00,1.00
2014.11.26 03:08:07.374,1.405,1.40522,1.00,1.00
2014.11.26 03:08:07.578,1.40496,1.40522,1.50,1.00
2014.11.26 03:08:07.679,1.40506,1.40522,1.00,1.00
2014.11.26 03:08:09.686,1.40498,1.40522,1.00,1.00
2014.11.26 03:08:10.325,1.40498,1.40521,1.00,1.00
2014.11.26 03:08:12.025,1.40498,1.40519,1.00,1.00
2014.11.26 03:08:12.356,1.40498,1.40521,1.00,1.00
2014.11.26 03:08:12.931,1.40498,1.40522,1.50,1.00
2014.11.26 03:08:13.083,1.405,1.40522,1.00,1.00
2014.11.26 03:08:13.184,1.40498,1.40522,1.00,1.00
2014.11.26 03:08:13.955,1.40498,1.40523,1.50,1.00
2014.11.26 03:08:14.259,1.40498,1.40528,1.50,1.00
2014.11.26 03:08:14.713,1.40498,1.40524,1.00,1.00
2014.11.26 03:08:14.764,1.40496,1.40524,1.00,1.00
2014.11.26 03:08:15.249,1.40495,1.40524,1.00,1.15
2014.11.26 03:08:17.027,1.40495,1.40522,1.00,1.37
2014.11.26 03:08:17.586,1.40496,1.40522,1.00,1.60
2014.11.26 03:08:19.118,1.40496,1.40515,1.00,1.00
2014.11.26 03:08:20.185,1.40496,1.40514,1.00,1.00
2014.11.26 03:08:20.505,1.40496,1.40519,1.00,1.00
2014.11.26 03:08:20.708,1.40496,1.40522,1.00,1.00
2014.11.26 03:08:20.759,1.40497,1.40524,1.00,1.00
2014.11.26 03:08:20.860,1.40499,1.40524,1.00,1.00
2014.11.26 03:08:21.163,1.40502,1.40523,1.00,1.00
2014.11.26 03:08:21.465,1.40503,1.40521,1.00,1.00
2014.11.26 03:08:22.038,1.40503,1.40522,1.00,1.00
2014.11.26 03:08:22.139,1.40503,1.40527,1.00,1.00
2014.11.26 03:08:22.887,1.40501,1.40527,1.00,1.00
2014.11.26 03:08:23.114,1.40501,1.40527,1.00,1.15
2014.11.26 03:08:23.619,1.40501,1.40526,1.00,1.15
2014.11.26 03:08:25.145,1.40501,1.40526,1.00,1.60
2014.11.26 03:08:25.751,1.40501,1.40526,1.00,1.60
2014.11.26 03:08:27.199,1.40501,1.40522,1.00,1.00
2014.11.26 03:08:27.515,1.40501,1.40524,1.00,1.00
2014.11.26 03:08:30.155,1.40501,1.40523,1.00,1.00
2014.11.26 03:08:31.092,1.40501,1.40522,1.00,1.00
2014.11.26 03:08:31.595,1.40501,1.40523,1.00,1.00
2014.11.26 03:08:33.091,1.405,1.40523,1.00,1.00
2014.11.26 03:08:33.627,1.405,1.40522,1.00,1.00
2014.11.26 03:08:35.051,1.40501,1.40522,1.00,1.00
2014.11.26 03:08:35.561,1.405,1.40522,1.00,1.00
2014.11.26 03:08:35.612,1.40498,1.40522,1.00,1.00
2014.11.26 03:08:36.086,1.40498,1.40519,1.00,1.00
2014.11.26 03:08:36.389,1.40495,1.40514,1.00,1.00
2014.11.26 03:08:36.909,1.40494,1.40514,1.00,1.00
2014.11.26 03:08:37.457,1.40494,1.40513,1.00,1.00
2014.11.26 03:08:41.654,1.40495,1.40513,1.00,1.00
2014.11.26 03:08:42.171,1.40494,1.40514,1.00,1.00
2014.11.26 03:08:42.522,1.40497,1.40515,1.00,1.00
2014.11.26 03:08:42.796,1.40495,1.40515,1.00,1.00
2014.11.26 03:08:43.958,1.40495,1.40514,1.00,1.00
2014.11.26 03:08:45.446,1.40491,1.40516,1.50,1.00
2014.11.26 03:08:45.598,1.40491,1.4052,1.50,1.00
2014.11.26 03:08:45.649,1.40495,1.4052,1.00,1.00
2014.11.26 03:08:45.952,1.40497,1.40517,1.00,1.00
2014.11.26 03:08:46.473,1.40498,1.40518,1.00,1.00
2014.11.26 03:08:46.524,1.40498,1.4052,1.00,1.00
2014.11.26 03:08:46.629,1.40496,1.4052,1.00,1.00
2014.11.26 03:08:46.737,1.40498,1.4052,1.00,1.00
2014.11.26 03:08:46.838,1.40496,1.4052,1.00,1.00
2014.11.26 03:08:46.960,1.405,1.4052,1.00,1.00
2014.11.26 03:08:47.523,1.405,1.40521,1.00,1.00
2014.11.26 03:08:49.466,1.40501,1.40521,1.00,1.00
2014.11.26 03:08:50.131,1.405,1.40521,1.00,1.00
2014.11.26 03:08:50.669,1.40499,1.40521,1.00,1.00
2014.11.26 03:08:53.762,1.40499,1.40522,1.00,1.00
2014.11.26 03:08:54.266,1.405,1.40523,1.00,1.00
2014.11.26 03:08:54.828,1.40503,1.40523,1.00,1.00
2014.11.26 03:08:54.980,1.40503,1.40525,1.00,1.00
2014.11.26 03:08:55.675,1.40503,1.40523,1.00,1.00
2014.11.26 03:08:55.961,1.40503,1.40525,1.00,1.00
2014.11.26 03:08:56.505,1.40503,1.40526,1.00,1.00
2014.11.26 03:08:59.392,1.40504,1.40526,1.00,1.00
2014.11.26 03:08:59.515,1.40511,1.40526,1.00,1.00
2014.11.26 03:08:59.567,1.40511,1.40528,1.00,1.00
2014.11.26 03:08:59.770,1.40511,1.40533,1.00,1.50
2014.11.26 03:09:02.673,1.40512,1.40533,1.00,1.50
2014.11.26 03:09:20.443,1.40512,1.40532,1.00,1.00
2014.11.26 03:09:24.530,1.40512,1.40529,1.00,1.00
2014.11.26 03:09:24.732,1.40511,1.40531,1.00,1.00
2014.11.26 03:09:24.883,1.40511,1.40534,1.00,1.00
2014.11.26 03:09:25.384,1.40512,1.40535,1.00,1.50
2014.11.26 03:09:30.973,1.4052,1.40539,1.00,1.00
2014.11.26 03:09:31.074,1.40512,1.40541,1.00,2.25
2014.11.26 03:09:31.126,1.40513,1.40536,1.00,1.00
2014.11.26 03:09:31.228,1.40509,1.40534,1.50,1.00
2014.11.26 03:09:31.379,1.40506,1.40534,1.00,1.50
2014.11.26 03:09:31.482,1.40504,1.40534,1.00,2.25
2014.11.26 03:09:31.533,1.40515,1.40534,1.00,2.25
2014.11.26 03:09:31.634,1.40513,1.40534,1.00,2.25
2014.11.26 03:09:32.411,1.40515,1.40534,1.00,1.50
2014.11.26 03:09:45.354,1.40513,1.40534,1.00,1.50
2014.11.26 03:09:45.564,1.40515,1.40534,1.00,1.00
2014.11.26 03:09:51.404,1.40516,1.40534,1.00,1.00
2014.11.26 03:09:51.729,1.40515,1.4053,1.00,1.00
2014.11.26 03:09:52.391,1.40516,1.40529,1.00,1.00
2014.11.26 03:09:52.892,1.40516,1.40528,1.00,1.00
2014.11.26 03:09:55.350,1.40515,1.40528,1.00,1.00
2014.11.26 03:09:56.537,1.40515,1.40527,1.00,1.00
2014.11.26 03:09:56.588,1.40513,1.40527,1.00,1.00
2014.11.26 03:09:56.941,1.40512,1.40525,1.00,1.00
2014.11.26 03:09:59.313,1.40513,1.40525,1.00,1.00
2014.11.26 03:10:01.624,1.40511,1.40525,1.00,1.00
2014.11.26 03:10:06.352,1.40509,1.40525,1.00,1.00
2014.11.26 03:10:08.773,1.40503,1.40525,1.00,1.00
2014.11.26 03:10:15.092,1.40503,1.40523,1.00,1.00
2014.11.26 03:10:15.194,1.40497,1.40523,1.50,1.00
2014.11.26 03:10:15.396,1.40495,1.40523,1.50,1.00
2014.11.26 03:10:15.953,1.40494,1.40523,1.69,2.25
2014.11.26 03:10:16.802,1.40497,1.40523,1.00,1.50
2014.11.26 03:10:22.996,1.40495,1.40523,1.00,1.50
2014.11.26 03:10:36.381,1.40497,1.40523,1.00,1.50
2014.11.26 03:10:36.846,1.40494,1.40521,1.25,1.00
2014.11.26 03:10:36.897,1.40494,1.40517,1.25,1.00
2014.11.26 03:10:37.430,1.40494,1.40518,1.25,1.00
2014.11.26 03:10:41.307,1.40494,1.40517,1.00,1.00
2014.11.26 03:10:41.683,1.40494,1.40519,1.00,1.00
2014.11.26 03:10:49.471,1.40495,1.40519,1.00,1.00
2014.11.26 03:10:51.893,1.40494,1.40519,1.00,1.00
2014.11.26 03:11:11.818,1.40495,1.40519,1.00,1.00
2014.11.26 03:11:11.970,1.40493,1.40519,1.00,1.00
2014.11.26 03:11:12.561,1.40491,1.40519,1.50,1.50
2014.11.26 03:11:17.674,1.40492,1.40519,1.00,1.50
2014.11.26 03:11:20.881,1.40491,1.40518,3.00,1.00
2014.11.26 03:11:24.344,1.40493,1.40518,1.00,1.00
2014.11.26 03:11:26.300,1.40492,1.40518,1.00,1.00
2014.11.26 03:11:35.151,1.40494,1.40518,1.00,1.00
2014.11.26 03:11:41.458,1.40495,1.40518,1.00,1.00
2014.11.26 03:11:43.260,1.40494,1.40518,1.00,1.00
2014.11.26 03:11:43.564,1.40496,1.40521,1.00,1.00
2014.11.26 03:11:43.665,1.40494,1.40515,1.00,1.00
2014.11.26 03:11:43.867,1.40492,1.40519,1.00,1.00
2014.11.26 03:11:43.968,1.40491,1.40515,1.00,1.00
2014.11.26 03:11:44.120,1.40488,1.40515,1.00,1.00
2014.11.26 03:11:44.715,1.40487,1.40516,1.00,1.00
2014.11.26 03:11:45.832,1.40488,1.40516,1.00,1.00
2014.11.26 03:11:46.910,1.40488,1.40518,1.50,1.50
2014.11.26 03:11:57.910,1.40488,1.40519,1.50,2.25
2014.11.26 03:12:04.834,1.4049,1.40519,1.00,1.50
2014.11.26 03:12:07.548,1.40494,1.40519,1.00,1.00
2014.11.26 03:12:09.710,1.40493,1.40519,1.00,1.00
2014.11.26 03:12:18.141,1.40494,1.40519,1.00,1.00
2014.11.26 03:12:34.861,1.40493,1.40519,1.00,1.00
2014.11.26 03:12:34.912,1.4049,1.40519,2.44,1.00
2014.11.26 03:12:36.680,1.40492,1.40519,1.00,1.00
2014.11.26 03:12:39.650,1.40491,1.40519,1.25,1.00
2014.11.26 03:12:42.701,1.40492,1.40519,1.00,1.00
2014.11.26 03:12:46.965,1.40492,1.40517,1.00,1.00
2014.11.26 03:12:48.597,1.40493,1.40517,1.00,1.00
2014.11.26 03:12:48.882,1.40493,1.40519,1.00,1.00
2014.11.26 03:12:58.920,1.40493,1.40517,1.00,1.00
2014.11.26 03:13:01.226,1.40493,1.40519,1.00,1.00
2014.11.26 03:13:06.119,1.40494,1.40519,1.00,1.00
2014.11.26 03:13:06.321,1.40498,1.40519,1.00,1.00
2014.11.26 03:13:06.423,1.40498,1.40521,1.00,1.00
2014.11.26 03:13:06.625,1.405,1.40527,1.50,1.50
2014.11.26 03:13:06.737,1.40503,1.40527,1.00,1.00
2014.11.26 03:13:07.105,1.40503,1.40529,1.00,1.00
2014.11.26 03:13:07.724,1.40502,1.40529,2.25,1.00
2014.11.26 03:13:10.242,1.40504,1.4053,1.00,1.00
2014.11.26 03:13:13.879,1.40504,1.40531,1.00,1.00
2014.11.26 03:13:14.210,1.40504,1.40529,1.00,1.00
2014.11.26 03:13:17.889,1.40504,1.40531,1.00,1.00
2014.11.26 03:13:21.138,1.40504,1.40529,1.00,1.00
2014.11.26 03:13:23.361,1.40504,1.40528,1.00,1.00
2014.11.26 03:13:23.513,1.40501,1.40528,1.00,1.00
2014.11.26 03:13:24.236,1.40501,1.40529,1.00,1.00
2014.11.26 03:13:30.749,1.40502,1.40529,1.00,1.00
2014.11.26 03:13:31.289,1.40501,1.40529,1.00,2.25
2014.11.26 03:13:31.811,1.40502,1.40528,1.00,1.00
2014.11.26 03:13:41.180,1.40503,1.40529,1.00,1.00
2014.11.26 03:13:41.383,1.40503,1.40531,1.00,1.50
2014.11.26 03:14:07.272,1.40503,1.40529,1.50,1.00
2014.11.26 03:14:07.424,1.40501,1.40528,1.00,1.00
2014.11.26 03:14:07.475,1.405,1.40526,1.00,1.00
2014.11.26 03:14:07.808,1.405,1.40524,1.00,1.00
2014.11.26 03:14:07.960,1.40496,1.40524,1.00,1.00
2014.11.26 03:14:08.475,1.40494,1.40524,1.00,1.50
2014.11.26 03:14:08.968,1.40493,1.40522,1.50,1.00
2014.11.26 03:14:10.006,1.40495,1.40524,1.00,1.00
2014.11.26 03:14:10.309,1.405,1.4053,1.00,1.00
2014.11.26 03:14:10.816,1.40501,1.40531,1.00,1.50
2014.11.26 03:14:11.566,1.40502,1.4053,1.00,1.00
2014.11.26 03:14:12.229,1.40502,1.40531,1.00,1.50
2014.11.26 03:14:12.859,1.40502,1.4053,1.00,1.00
2014.11.26 03:14:15.790,1.40501,1.4053,2.25,2.25
2014.11.26 03:14:16.093,1.40501,1.40528,1.00,1.00
2014.11.26 03:14:16.195,1.40502,1.4053,1.00,2.25
2014.11.26 03:14:19.493,1.40501,1.4053,2.25,1.50
2014.11.26 03:14:19.901,1.40501,1.40528,1.00,1.00
2014.11.26 03:14:23.118,1.405,1.40529,1.50,2.25
2014.11.26 03:14:23.576,1.40502,1.40528,1.00,1.00
2014.11.26 03:14:23.881,1.40507,1.40533,1.50,1.00
2014.11.26 03:14:24.084,1.40508,1.40536,1.50,1.50
2014.11.26 03:14:24.438,1.40508,1.40534,1.50,1.00
2014.11.26 03:14:24.742,1.4051,1.40535,1.00,1.00
2014.11.26 03:14:24.844,1.40507,1.40536,1.50,1.50
2014.11.26 03:14:24.996,1.40509,1.40536,1.00,1.50
2014.11.26 03:14:25.517,1.4051,1.40536,1.50,1.00
2014.11.26 03:14:26.065,1.40511,1.40537,1.00,1.50
2014.11.26 03:14:26.601,1.40511,1.40536,1.00,1.00
2014.11.26 03:14:27.335,1.40512,1.40536,1.00,1.00
2014.11.26 03:14:27.860,1.40511,1.40536,1.00,1.00
2014.11.26 03:14:30.110,1.40512,1.40536,1.50,1.00
2014.11.26 03:14:30.612,1.40513,1.40536,1.50,1.00
2014.11.26 03:14:31.459,1.40513,1.4054,1.50,1.50
2014.11.26 03:14:32.176,1.40511,1.4054,1.50,2.25
2014.11.26 03:14:32.328,1.4051,1.40538,1.00,1.50
2014.11.26 03:14:33.133,1.4051,1.40539,3.00,1.00
2014.11.26 03:14:33.471,1.40513,1.40539,1.00,1.00
2014.11.26 03:14:35.564,1.40513,1.40538,1.00,1.00
2014.11.26 03:14:45.307,1.40513,1.40537,1.00,1.00
2014.11.26 03:14:47.796,1.40513,1.40538,1.00,1.00
2014.11.26 03:14:48.356,1.40513,1.40539,1.00,1.00
2014.11.26 03:14:50.484,1.40513,1.40537,1.00,1.00
2014.11.26 03:14:53.341,1.40513,1.40538,1.00,1.50
2014.11.26 03:14:53.715,1.40515,1.40538,1.00,1.50
2014.11.26 03:14:54.807,1.40514,1.40538,1.00,1.50
2014.11.26 03:14:55.017,1.40512,1.40538,1.00,1.50
2014.11.26 03:14:55.559,1.40513,1.40538,1.00,1.00
2014.11.26 03:14:56.096,1.40513,1.40537,1.00,1.00
2014.11.26 03:14:56.687,1.40513,1.40536,1.00,1.00
2014.11.26 03:14:57.381,1.40513,1.40537,1.00,1.00
2014.11.26 03:15:00.099,1.40513,1.40538,1.00,1.50
2014.11.26 03:15:00.200,1.40515,1.40538,1.00,1.00
2014.11.26 03:15:00.740,1.40515,1.40537,1.00,1.00
2014.11.26 03:15:01.250,1.40515,1.40538,1.00,1.50
2014.11.26 03:15:01.654,1.40512,1.40535,1.00,1.00
2014.11.26 03:15:01.705,1.4051,1.40535,1.00,1.50
2014.11.26 03:15:01.756,1.40509,1.40532,1.00,1.00
2014.11.26 03:15:01.817,1.40507,1.40532,2.25,1.00
2014.11.26 03:15:02.170,1.40505,1.40531,1.00,1.00
2014.11.26 03:15:02.702,1.40506,1.40532,1.00,1.50
2014.11.26 03:15:02.853,1.40508,1.40532,1.00,1.50
2014.11.26 03:15:04.054,1.40506,1.40532,1.00,1.00
2014.11.26 03:15:09.071,1.40506,1.40531,1.00,1.00
2014.11.26 03:15:09.588,1.40506,1.4053,1.00,1.00
2014.11.26 03:15:10.111,1.40506,1.40529,1.00,1.00
2014.11.26 03:15:11.455,1.40505,1.40529,1.00,1.00
2014.11.26 03:15:28.996,1.40505,1.40531,1.00,1.50
2014.11.26 03:15:29.548,1.40504,1.40532,3.00,1.50
2014.11.26 03:15:31.529,1.40507,1.40532,1.00,1.50
2014.11.26 03:15:41.484,1.40509,1.40532,1.00,1.00
2014.11.26 03:15:51.570,1.40508,1.40532,1.00,1.00
2014.11.26 03:15:57.326,1.40509,1.40532,1.00,1.50
2014.11.26 03:15:57.478,1.40512,1.40537,1.00,1.00
2014.11.26 03:15:58.020,1.40512,1.40534,1.00,1.00
2014.11.26 03:15:58.611,1.40512,1.40533,1.00,1.00
2014.11.26 03:15:59.152,1.40512,1.40534,1.00,1.00
2014.11.26 03:15:59.777,1.40512,1.40536,1.00,1.00
2014.11.26 03:16:00.558,1.40509,1.40536,1.00,1.00
2014.11.26 03:16:01.164,1.40511,1.40536,1.00,1.00
2014.11.26 03:16:02.433,1.40509,1.40536,1.50,1.00
2014.11.26 03:16:03.036,1.40511,1.40536,1.00,1.00
2014.11.26 03:16:03.365,1.40511,1.40533,1.00,1.00
2014.11.26 03:16:03.980,1.40511,1.40534,1.00,1.00
2014.11.26 03:16:04.770,1.40511,1.40535,1.00,1.00
2014.11.26 03:16:05.297,1.4051,1.40535,2.25,1.00
2014.11.26 03:16:06.050,1.40511,1.40535,1.00,1.00
2014.11.26 03:16:09.359,1.4051,1.40535,1.50,1.00
2014.11.26 03:16:11.860,1.40511,1.40535,1.00,1.00
2014.11.26 03:16:13.287,1.4051,1.40535,1.50,1.00
2014.11.26 03:16:13.818,1.40511,1.40535,1.00,1.00
2014.11.26 03:16:15.267,1.4051,1.40535,1.50,1.00
2014.11.26 03:16:15.798,1.40511,1.40535,1.00,1.00
2014.11.26 03:16:17.247,1.4051,1.40535,1.50,1.00
2014.11.26 03:16:17.780,1.40511,1.40535,1.00,1.00
2014.11.26 03:16:19.250,1.40511,1.40534,1.00,1.00
2014.11.26 03:16:19.758,1.40511,1.40535,1.00,1.00
2014.11.26 03:16:20.317,1.40511,1.40536,1.00,1.00
2014.11.26 03:16:25.133,1.40512,1.40536,1.00,1.00
2014.11.26 03:16:25.700,1.40511,1.40535,1.00,1.00
2014.11.26 03:16:27.148,1.40512,1.40535,1.00,1.00
2014.11.26 03:16:27.710,1.40511,1.40535,1.50,1.00
2014.11.26 03:16:29.787,1.40512,1.40535,1.00,1.00
2014.11.26 03:16:31.293,1.40512,1.40533,1.00,1.00
2014.11.26 03:16:31.344,1.4051,1.40533,1.50,1.00
2014.11.26 03:16:32.046,1.40511,1.40533,1.00,1.00
2014.11.26 03:16:33.307,1.4051,1.40533,1.50,1.00
2014.11.26 03:16:33.966,1.40511,1.40533,1.00,1.00
2014.11.26 03:16:34.274,1.40511,1.40535,1.00,1.00
2014.11.26 03:16:34.476,1.40511,1.40532,1.00,1.00
2014.11.26 03:16:36.047,1.40509,1.40532,1.00,1.00
2014.11.26 03:16:36.099,1.40507,1.40532,1.00,1.00
2014.11.26 03:16:36.200,1.40506,1.4053,1.00,1.00
2014.11.26 03:16:36.302,1.40504,1.4053,1.00,1.00
2014.11.26 03:16:36.453,1.40504,1.40527,1.00,1.00
2014.11.26 03:16:36.784,1.40504,1.4053,1.50,1.00
2014.11.26 03:16:37.321,1.40504,1.40529,1.00,1.00
2014.11.26 03:16:38.993,1.40505,1.40531,1.00,1.00
2014.11.26 03:16:40.408,1.40505,1.40529,1.00,1.00
2014.11.26 03:16:40.913,1.40505,1.4053,1.00,1.00
2014.11.26 03:16:41.448,1.40506,1.40531,1.50,1.00
2014.11.26 03:16:41.998,1.40507,1.40532,1.00,1.00
2014.11.26 03:16:42.366,1.40507,1.4053,1.00,1.00
2014.11.26 03:16:42.734,1.40506,1.40532,1.50,1.00
2014.11.26 03:16:43.048,1.40506,1.4053,2.25,1.00
2014.11.26 03:16:43.596,1.40506,1.40532,1.50,1.00
2014.11.26 03:16:44.146,1.40507,1.40531,1.00,1.00
2014.11.26 03:16:44.697,1.40508,1.40531,1.00,1.00
2014.11.26 03:16:44.899,1.40509,1.40534,1.50,1.50
2014.11.26 03:16:45.403,1.40508,1.40533,1.00,1.00
2014.11.26 03:16:45.929,1.40507,1.40533,1.00,1.50
2014.11.26 03:16:46.030,1.40506,1.40531,1.00,1.00
2014.11.26 03:16:46.537,1.40506,1.40532,1.00,1.00
2014.11.26 03:16:46.840,1.40505,1.40528,1.00,1.00
2014.11.26 03:16:47.307,1.40505,1.4053,1.00,1.00
2014.11.26 03:16:48.867,1.40505,1.40533,1.50,1.50
2014.11.26 03:16:48.968,1.40505,1.40528,2.25,1.00
2014.11.26 03:17:06.319,1.40504,1.40528,1.50,1.00
2014.11.26 03:17:06.874,1.40504,1.40529,1.00,1.00
2014.11.26 03:17:14.051,1.40504,1.4053,1.50,1.00
2014.11.26 03:17:16.000,1.40505,1.4053,1.00,1.00
2014.11.26 03:17:22.853,1.40504,1.4053,1.50,1.00
2014.11.26 03:17:23.572,1.40505,1.4053,1.00,1.00
2014.11.26 03:17:24.098,1.40505,1.40531,1.00,1.00
2014.11.26 03:17:24.912,1.40504,1.40531,1.50,1.00
2014.11.26 03:17:25.522,1.40505,1.40531,1.00,1.00
2014.11.26 03:17:30.276,1.40505,1.40529,1.50,1.00
2014.11.26 03:17:30.479,1.40508,1.40533,1.00,1.50
2014.11.26 03:17:30.613,1.40506,1.40532,1.00,1.00
2014.11.26 03:17:30.764,1.40506,1.40529,1.00,1.00
2014.11.26 03:17:31.227,1.40503,1.40528,2.25,1.00
2014.11.26 03:17:31.775,1.40503,1.40526,1.00,1.00
2014.11.26 03:17:32.093,1.40503,1.40528,1.00,1.00
2014.11.26 03:17:32.144,1.40501,1.40528,1.50,1.00
2014.11.26 03:17:32.708,1.40501,1.40529,1.00,1.00
2014.11.26 03:17:36.303,1.40501,1.40528,1.00,1.00
2014.11.26 03:17:36.639,1.405,1.40526,1.00,1.00
2014.11.26 03:17:37.020,1.405,1.40528,1.00,1.00
2014.11.26 03:17:39.095,1.405,1.40527,1.00,1.00
2014.11.26 03:17:39.858,1.405,1.40528,1.00,1.00
2014.11.26 03:17:40.767,1.405,1.40526,1.50,1.00
2014.11.26 03:17:45.292,1.40501,1.40526,1.00,1.00
2014.11.26 03:17:56.277,1.40501,1.40525,1.00,1.00
2014.11.26 03:18:08.926,1.40501,1.40523,1.00,1.00
2014.11.26 03:18:13.659,1.40501,1.40524,1.00,1.00
2014.11.26 03:18:17.216,1.40503,1.40524,1.00,1.00
2014.11.26 03:18:20.366,1.40503,1.40522,1.00,1.00
2014.11.26 03:18:20.740,1.40501,1.40522,1.50,1.00
2014.11.26 03:18:21.358,1.40501,1.40523,1.50,1.00
2014.11.26 03:18:23.880,1.40503,1.40523,1.00,1.00
2014.11.26 03:18:28.905,1.40504,1.40523,1.00,1.00
2014.11.26 03:18:29.057,1.40504,1.40525,1.50,1.00
2014.11.26 03:18:29.208,1.40508,1.40524,1.00,1.00
2014.11.26 03:18:29.309,1.40505,1.40524,2.25,1.00
2014.11.26 03:18:29.411,1.40505,1.40527,1.50,1.00
2014.11.26 03:18:29.613,1.40505,1.40523,1.00,1.00
2014.11.26 03:18:30.523,1.40505,1.40524,1.00,1.00
2014.11.26 03:18:33.717,1.40505,1.40523,1.00,1.00
2014.11.26 03:18:34.275,1.40505,1.40522,1.00,1.00
2014.11.26 03:18:34.640,1.40505,1.40525,1.00,1.00
2014.11.26 03:18:34.690,1.40505,1.40521,1.00,1.00
2014.11.26 03:18:41.704,1.40505,1.40523,1.00,1.00
2014.11.26 03:18:42.605,1.40505,1.40525,1.00,1.00
2014.11.26 03:18:45.337,1.40505,1.40523,1.00,1.00
2014.11.26 03:18:47.647,1.40505,1.40525,1.00,1.00
2014.11.26 03:19:13.607,1.40505,1.40524,1.00,1.00
2014.11.26 03:19:29.596,1.40504,1.40524,1.00,1.00
2014.11.26 03:19:46.834,1.40504,1.40522,1.00,1.00
2014.11.26 03:20:12.386,1.40505,1.40522,1.00,1.00
2014.11.26 03:20:14.115,1.40505,1.40525,1.00,1.00
2014.11.26 03:20:14.375,1.40505,1.40528,1.00,1.00
2014.11.26 03:20:18.573,1.40506,1.40528,1.00,1.00
2014.11.26 03:20:20.603,1.40506,1.40525,1.00,1.00
2014.11.26 03:20:25.922,1.40506,1.40526,1.00,1.00
2014.11.26 03:20:32.050,1.40506,1.40525,1.00,1.00
2014.11.26 03:20:50.984,1.40506,1.40524,1.00,1.00
2014.11.26 03:20:52.981,1.40506,1.40525,1.00,1.00
2014.11.26 03:20:55.770,1.40505,1.40525,1.50,1.00
2014.11.26 03:20:57.587,1.40505,1.40524,1.50,1.00
2014.11.26 03:21:00.888,1.40505,1.40525,1.50,1.00
2014.11.26 03:21:01.499,1.40505,1.40524,1.50,1.00
2014.11.26 03:21:06.386,1.40505,1.40528,1.50,1.00
2014.11.26 03:21:15.199,1.40505,1.40526,1.50,1.00
2014.11.26 03:21:23.557,1.40504,1.40527,1.00,1.00
2014.11.26 03:21:23.860,1.40502,1.40525,1.00,1.00
2014.11.26 03:21:24.575,1.40501,1.40524,1.00,1.00
2014.11.26 03:21:25.766,1.40501,1.40525,1.00,1.00
2014.11.26 03:21:26.732,1.40501,1.40524,1.00,1.00
2014.11.26 03:21:27.234,1.40501,1.40525,1.00,1.00
2014.11.26 03:21:33.135,1.405,1.40525,1.50,1.00
2014.11.26 03:21:33.438,1.40496,1.40522,1.00,1.00
2014.11.26 03:21:33.489,1.40496,1.4052,1.00,1.00
2014.11.26 03:21:33.792,1.40503,1.40524,1.00,1.19
2014.11.26 03:21:33.893,1.40503,1.40527,2.25,1.00
2014.11.26 03:21:33.944,1.40506,1.40532,1.00,1.00
2014.11.26 03:21:34.095,1.40509,1.40532,1.00,1.00
2014.11.26 03:21:34.686,1.40509,1.40533,1.00,1.00
2014.11.26 03:21:35.162,1.40507,1.40533,1.50,1.00
2014.11.26 03:21:39.053,1.40507,1.40532,1.50,1.00
2014.11.26 03:21:39.711,1.40507,1.40533,1.50,1.00
2014.11.26 03:21:45.102,1.40507,1.40531,1.50,1.00
2014.11.26 03:21:45.639,1.40507,1.40532,1.50,1.00
2014.11.26 03:22:12.940,1.40507,1.4053,1.50,1.00
2014.11.26 03:22:37.936,1.40508,1.4053,1.00,1.00
2014.11.26 03:22:38.590,1.40507,1.40531,1.00,1.00
2014.11.26 03:22:47.042,1.40507,1.40532,1.00,1.50
2014.11.26 03:22:47.588,1.40508,1.40532,1.50,1.50
2014.11.26 03:22:59.250,1.40508,1.4053,1.50,1.00
2014.11.26 03:22:59.402,1.40508,1.40532,1.50,1.50
2014.11.26 03:23:01.236,1.40508,1.4053,1.50,1.00
2014.11.26 03:23:01.387,1.40508,1.40532,1.50,1.00
2014.11.26 03:23:01.890,1.40508,1.4053,1.50,1.00
2014.11.26 03:23:02.110,1.40508,1.40532,1.50,1.00
2014.11.26 03:23:02.661,1.40508,1.40534,1.50,1.00
2014.11.26 03:23:08.431,1.4051,1.40532,1.00,1.00
2014.11.26 03:23:08.684,1.40515,1.40541,1.00,1.00
2014.11.26 03:23:08.735,1.40518,1.40541,1.00,1.00
2014.11.26 03:23:09.038,1.40522,1.40543,1.00,1.00
2014.11.26 03:23:10.581,1.40522,1.40544,1.00,1.50
2014.11.26 03:23:21.580,1.40522,1.40543,1.00,1.00
2014.11.26 03:23:31.792,1.40525,1.40543,1.00,1.00
2014.11.26 03:23:32.310,1.40525,1.40544,1.00,1.00
2014.11.26 03:23:32.360,1.40525,1.40546,1.00,1.00
2014.11.26 03:23:33.558,1.40528,1.40546,1.00,1.00
2014.11.26 03:23:33.609,1.40528,1.40554,1.00,1.00
2014.11.26 03:23:33.659,1.4053,1.40554,1.00,1.00
2014.11.26 03:23:33.962,1.40532,1.40555,1.50,1.00
2014.11.26 03:23:34.164,1.40532,1.40559,1.00,1.00
2014.11.26 03:23:34.678,1.40531,1.40558,1.00,1.00
2014.11.26 03:23:35.250,1.40531,1.40554,1.00,1.00
2014.11.26 03:23:35.341,1.40531,1.40558,1.00,1.00
2014.11.26 03:23:36.181,1.40533,1.40558,1.00,1.00
2014.11.26 03:23:36.624,1.40537,1.40559,1.00,1.00
2014.11.26 03:23:38.787,1.40536,1.40559,1.00,1.00
2014.11.26 03:23:39.332,1.40535,1.40559,1.00,1.00
2014.11.26 03:23:49.506,1.40534,1.40559,1.00,1.00
2014.11.26 03:23:49.708,1.4053,1.40559,1.50,1.00
2014.11.26 03:23:50.261,1.4053,1.40558,1.00,1.00
2014.11.26 03:23:50.414,1.4053,1.40554,1.00,1.00
2014.11.26 03:23:50.616,1.40526,1.40554,1.50,1.00
2014.11.26 03:23:51.189,1.40526,1.40553,1.50,1.50
2014.11.26 03:24:00.631,1.40526,1.40554,1.50,1.00
2014.11.26 03:24:00.682,1.40528,1.40554,1.00,1.00
2014.11.26 03:24:01.224,1.40529,1.40554,1.00,1.00
2014.11.26 03:24:02.049,1.40529,1.40555,1.50,1.50
2014.11.26 03:24:02.840,1.40529,1.40553,1.50,1.00
2014.11.26 03:24:03.500,1.40529,1.40551,1.50,1.00
2014.11.26 03:24:14.488,1.4053,1.40551,1.00,1.00
2014.11.26 03:24:16.800,1.40529,1.40551,1.50,1.00
2014.11.26 03:24:17.531,1.4053,1.40551,1.00,1.00
2014.11.26 03:24:18.704,1.40529,1.40551,1.50,1.00
2014.11.26 03:24:42.270,1.40528,1.40551,1.00,1.00
2014.11.26 03:24:47.455,1.40529,1.40551,1.00,1.00
2014.11.26 03:24:49.395,1.40527,1.40551,1.50,1.00
2014.11.26 03:24:49.588,1.40527,1.40549,1.50,1.00
2014.11.26 03:24:50.304,1.40526,1.40549,1.50,1.00
2014.11.26 03:24:52.817,1.40526,1.4055,1.00,1.00
2014.11.26 03:24:53.368,1.40525,1.40549,2.25,1.00
2014.11.26 03:24:54.468,1.40526,1.40549,1.00,1.00
2014.11.26 03:24:55.077,1.40525,1.40549,1.00,1.00
2014.11.26 03:24:58.047,1.40526,1.40549,1.00,1.00
2014.11.26 03:24:58.715,1.40525,1.40549,1.50,1.00
2014.11.26 03:25:05.869,1.40525,1.4055,2.25,1.00
2014.11.26 03:25:06.428,1.40526,1.4055,1.00,1.00
2014.11.26 03:25:20.719,1.40526,1.40549,1.00,1.00
2014.11.26 03:25:21.379,1.40526,1.4055,1.00,1.00
2014.11.26 03:25:22.051,1.40526,1.40549,1.50,1.00
2014.11.26 03:25:24.900,1.40526,1.40551,1.50,1.00
2014.11.26 03:25:26.709,1.40526,1.40549,1.50,1.00
2014.11.26 03:25:42.092,1.40527,1.40549,1.00,1.00
2014.11.26 03:25:51.319,1.40527,1.4055,1.50,1.00
2014.11.26 03:26:00.758,1.40527,1.40549,1.50,1.00
2014.11.26 03:26:01.186,1.40527,1.40547,1.50,1.00
2014.11.26 03:26:02.386,1.40526,1.40547,1.50,1.00
2014.11.26 03:26:09.512,1.40527,1.40547,1.00,1.00
2014.11.26 03:26:10.299,1.40527,1.40548,1.00,1.00
2014.11.26 03:26:15.589,1.40526,1.40548,1.00,1.00
2014.11.26 03:26:19.844,1.40526,1.4055,1.00,1.00
2014.11.26 03:26:22.437,1.40527,1.4055,1.00,1.00
2014.11.26 03:26:22.488,1.40527,1.40548,1.00,1.00
2014.11.26 03:26:31.322,1.40528,1.40548,1.00,1.00
2014.11.26 03:26:31.625,1.40538,1.40547,1.00,1.00
2014.11.26 03:26:31.726,1.40537,1.40557,1.00,1.00
2014.11.26 03:26:32.199,1.40538,1.40561,1.00,1.00
2014.11.26 03:26:33.117,1.40538,1.40559,1.00,1.00
2014.11.26 03:26:36.089,1.40538,1.40561,1.00,1.00
2014.11.26 03:26:36.879,1.40537,1.40561,2.25,1.00
2014.11.26 03:26:38.582,1.40538,1.40561,1.00,1.00
2014.11.26 03:26:38.633,1.40538,1.40564,1.00,1.50
2014.11.26 03:26:38.734,1.40537,1.4056,1.00,1.00
2014.11.26 03:26:38.886,1.40533,1.40559,1.00,1.00
2014.11.26 03:26:38.937,1.40533,1.40556,1.00,1.00
2014.11.26 03:26:38.988,1.40528,1.40556,1.00,1.00
2014.11.26 03:26:39.140,1.40526,1.40554,1.00,1.50
2014.11.26 03:26:39.543,1.40525,1.40548,1.00,1.00
2014.11.26 03:26:45.004,1.40525,1.40546,1.00,1.00
2014.11.26 03:26:47.333,1.40525,1.40548,1.00,1.00
2014.11.26 03:26:53.813,1.40526,1.40548,1.00,1.00
2014.11.26 03:26:54.175,1.40525,1.40546,1.00,1.00
2014.11.26 03:26:54.566,1.40525,1.40544,1.00,1.00
2014.11.26 03:27:03.864,1.40526,1.40544,1.00,1.00
2014.11.26 03:27:03.935,1.40524,1.40544,1.50,1.00
2014.11.26 03:27:10.986,1.40523,1.40544,2.25,1.00
2014.11.26 03:27:11.037,1.40525,1.40544,1.00,1.00
2014.11.26 03:27:11.207,1.40523,1.40544,1.50,1.00
2014.11.26 03:27:13.002,1.40525,1.40544,1.00,1.00
2014.11.26 03:27:13.158,1.40525,1.40546,1.00,1.00
2014.11.26 03:27:14.516,1.40523,1.40546,1.50,1.00
2014.11.26 03:27:14.581,1.40525,1.40546,1.00,1.00
2014.11.26 03:27:14.632,1.40525,1.40548,1.50,1.00
2014.11.26 03:27:15.188,1.40525,1.4055,1.50,1.00
2014.11.26 03:27:15.289,1.40525,1.40546,1.50,1.00
2014.11.26 03:27:15.390,1.40527,1.40553,1.00,1.50
2014.11.26 03:27:15.491,1.40531,1.40553,1.00,1.50
2014.11.26 03:27:15.693,1.40531,1.4056,1.00,1.00
2014.11.26 03:27:15.794,1.40534,1.4056,1.00,1.00
2014.11.26 03:27:24.297,1.40533,1.4056,1.50,1.00
2014.11.26 03:27:24.807,1.40533,1.40559,1.00,1.00
2014.11.26 03:27:46.312,1.40533,1.40558,1.00,1.00
2014.11.26 03:27:51.061,1.40531,1.40558,1.50,1.00
2014.11.26 03:27:51.364,1.40528,1.4055,1.50,1.00
2014.11.26 03:27:51.718,1.40527,1.40555,1.00,1.00
2014.11.26 03:27:52.509,1.40526,1.40555,1.00,1.00
2014.11.26 03:27:53.746,1.40525,1.40555,1.00,1.00
2014.11.26 03:27:54.375,1.40525,1.40553,1.00,1.00
2014.11.26 03:27:54.879,1.40525,1.40554,1.00,1.00
2014.11.26 03:27:55.232,1.40525,1.40548,1.00,1.00
2014.11.26 03:27:56.796,1.40526,1.40548,1.00,1.00
2014.11.26 03:27:58.955,1.40525,1.40548,1.00,1.00
2014.11.26 03:28:00.497,1.40526,1.40548,1.00,1.00
2014.11.26 03:28:03.315,1.40524,1.40548,1.50,1.00
2014.11.26 03:28:04.037,1.40524,1.40547,1.50,1.00
2014.11.26 03:28:04.525,1.40526,1.40547,1.00,1.00
2014.11.26 03:28:05.332,1.40525,1.40547,1.00,1.00
2014.11.26 03:28:06.936,1.40526,1.40547,1.00,1.00
2014.11.26 03:28:07.447,1.40525,1.40547,1.00,1.00
2014.11.26 03:28:12.181,1.40526,1.40547,1.00,1.00
2014.11.26 03:28:14.083,1.40525,1.40547,1.00,1.00
2014.11.26 03:28:14.134,1.40525,1.40549,1.00,1.00
2014.11.26 03:28:14.286,1.40522,1.40549,1.00,1.50
2014.11.26 03:28:14.388,1.40519,1.40546,1.25,1.50
2014.11.26 03:28:14.489,1.40516,1.40544,1.50,1.00
2014.11.26 03:28:14.716,1.40516,1.40542,1.00,1.00
2014.11.26 03:28:15.242,1.40517,1.40541,1.00,1.00
2014.11.26 03:28:27.324,1.40517,1.4054,1.00,1.00
2014.11.26 03:28:33.470,1.40514,1.4054,1.00,1.00
2014.11.26 03:28:47.359,1.40514,1.40541,1.00,1.00
2014.11.26 03:28:59.365,1.40514,1.4054,1.00,1.00
2014.11.26 03:29:01.114,1.40513,1.4054,1.50,1.00
2014.11.26 03:29:02.422,1.40513,1.40541,1.00,1.00
2014.11.26 03:29:03.444,1.40513,1.4054,1.50,1.00
2014.11.26 03:29:09.584,1.40513,1.40539,1.00,1.00
2014.11.26 03:29:12.335,1.40513,1.40541,1.00,1.00
2014.11.26 03:29:12.486,1.40511,1.40541,1.25,3.00
2014.11.26 03:29:12.753,1.40511,1.40539,1.25,1.00
2014.11.26 03:29:13.448,1.4051,1.40538,1.19,1.00
2014.11.26 03:29:14.007,1.4051,1.40538,1.25,1.00
2014.11.26 03:29:15.116,1.4051,1.40536,1.25,1.00
2014.11.26 03:29:18.829,1.4051,1.40538,1.25,1.00
2014.11.26 03:29:19.470,1.4051,1.40539,1.25,1.00
2014.11.26 03:29:20.105,1.4051,1.40538,1.25,1.00
2014.11.26 03:29:21.530,1.40511,1.40538,1.00,1.00
2014.11.26 03:29:24.422,1.40511,1.40539,1.00,1.00
2014.11.26 03:29:26.414,1.40511,1.40534,1.00,1.00
2014.11.26 03:29:26.465,1.40507,1.40534,1.19,1.00
2014.11.26 03:29:27.149,1.40504,1.40533,1.19,1.00
2014.11.26 03:29:27.824,1.40504,1.40533,1.50,1.00
2014.11.26 03:29:32.334,1.40504,1.40531,1.50,1.00
2014.11.26 03:29:47.405,1.40504,1.40532,1.50,1.00
2014.11.26 03:29:49.003,1.40506,1.40532,1.00,1.00
2014.11.26 03:29:49.306,1.4051,1.40537,1.00,1.00
2014.11.26 03:29:49.855,1.40511,1.40537,1.00,1.00
2014.11.26 03:29:50.360,1.40512,1.40538,1.00,1.00
2014.11.26 03:29:52.353,1.40512,1.40539,1.00,1.50
2014.11.26 03:29:54.918,1.40512,1.40538,1.00,1.00
2014.11.26 03:29:59.811,1.40514,1.40538,1.00,1.00
2014.11.26 03:29:59.963,1.40514,1.4054,1.00,1.50
2014.11.26 03:30:00.467,1.40513,1.40539,1.00,1.00
2014.11.26 03:30:00.859,1.40513,1.40537,1.00,1.00
2014.11.26 03:30:01.145,1.40509,1.40537,1.19,1.00
2014.11.26 03:30:01.398,1.40509,1.40534,1.19,1.00
2014.11.26 03:30:01.600,1.4051,1.40536,1.25,1.00
2014.11.26 03:30:02.128,1.40511,1.40536,1.50,1.00
2014.11.26 03:30:02.839,1.40511,1.40537,1.00,1.50
2014.11.26 03:30:03.498,1.40511,1.40538,1.00,1.00
2014.11.26 03:30:10.323,1.4051,1.40538,1.50,1.00
2014.11.26 03:30:11.006,1.40511,1.40538,1.00,1.00
2014.11.26 03:30:11.315,1.40513,1.40539,1.00,1.00
2014.11.26 03:30:11.416,1.40513,1.40541,1.00,1.00
2014.11.26 03:30:12.061,1.40512,1.40541,1.00,1.00
2014.11.26 03:30:12.290,1.40512,1.40543,1.50,1.50
2014.11.26 03:30:14.242,1.40514,1.40543,1.00,1.00
2014.11.26 03:30:14.545,1.40514,1.40539,1.00,1.00
2014.11.26 03:30:15.060,1.40513,1.40538,1.00,1.00
2014.11.26 03:30:17.323,1.40513,1.40536,1.50,1.00
2014.11.26 03:30:20.949,1.40512,1.40536,1.00,1.00
2014.11.26 03:30:24.096,1.40511,1.40536,1.00,1.00
2014.11.26 03:30:29.761,1.4051,1.40537,1.50,1.00
2014.11.26 03:30:30.270,1.4051,1.40534,1.50,1.00
2014.11.26 03:30:38.906,1.4051,1.40535,1.50,1.00
2014.11.26 03:30:42.688,1.4051,1.40534,1.00,1.00
2014.11.26 03:30:43.324,1.4051,1.40533,1.00,1.00
2014.11.26 03:30:43.426,1.40506,1.40533,1.00,1.00
2014.11.26 03:30:44.012,1.40506,1.40534,1.00,1.69
2014.11.26 03:30:47.158,1.40506,1.40535,1.00,1.50
2014.11.26 03:30:47.666,1.40506,1.40534,1.00,1.00
2014.11.26 03:30:51.414,1.40506,1.40535,1.00,1.50
2014.11.26 03:30:57.224,1.40507,1.40535,1.00,1.00
2014.11.26 03:30:57.325,1.40509,1.40535,1.00,1.00
2014.11.26 03:30:57.426,1.40509,1.40537,1.50,1.50
2014.11.26 03:30:57.477,1.40507,1.40537,3.00,1.50
2014.11.26 03:30:57.762,1.40507,1.40535,3.00,1.00
2014.11.26 03:30:59.745,1.4051,1.40537,1.00,1.50
2014.11.26 03:31:00.328,1.40511,1.40537,1.00,1.00
2014.11.26 03:31:01.028,1.40511,1.40538,1.00,1.00
2014.11.26 03:31:02.321,1.40508,1.40538,2.25,2.25
2014.11.26 03:31:02.825,1.40508,1.40537,2.25,1.00
2014.11.26 03:31:03.322,1.40508,1.40535,2.25,1.00
2014.11.26 03:31:06.708,1.40509,1.40535,1.00,1.00
2014.11.26 03:31:06.963,1.4051,1.40537,1.50,1.00
2014.11.26 03:31:07.469,1.4051,1.40538,1.50,1.00
2014.11.26 03:31:09.256,1.4051,1.40537,1.00,1.00
2014.11.26 03:31:09.357,1.4051,1.40537,1.00,1.69
2014.11.26 03:31:09.710,1.4051,1.4053,1.00,1.00
2014.11.26 03:31:09.998,1.40506,1.4053,1.00,1.00
2014.11.26 03:31:10.585,1.40505,1.4053,1.00,1.00
2014.11.26 03:31:12.632,1.40508,1.4053,1.00,1.00
2014.11.26 03:31:12.936,1.40514,1.4053,1.00,1.00
2014.11.26 03:31:13.333,1.40515,1.40532,1.00,1.00
2014.11.26 03:31:13.836,1.40515,1.40533,1.50,1.00
2014.11.26 03:31:14.346,1.40515,1.40534,1.50,1.00
2014.11.26 03:31:23.324,1.40512,1.40534,2.25,1.00
2014.11.26 03:31:23.587,1.40512,1.40532,2.25,1.00
2014.11.26 03:31:24.156,1.40511,1.40532,2.25,1.00
2014.11.26 03:31:25.641,1.40512,1.40532,1.00,1.00
2014.11.26 03:31:27.236,1.40512,1.40536,1.50,1.00
2014.11.26 03:31:32.366,1.40512,1.40537,1.50,1.00
2014.11.26 03:31:34.782,1.40512,1.40536,1.50,1.00
2014.11.26 03:31:34.934,1.40515,1.40536,1.00,1.00
2014.11.26 03:31:35.035,1.40515,1.40538,1.00,1.00
2014.11.26 03:31:35.753,1.40515,1.40539,1.50,1.00
2014.11.26 03:31:39.613,1.40516,1.40539,1.00,1.00
2014.11.26 03:31:39.664,1.40516,1.40545,1.50,1.25
2014.11.26 03:31:40.062,1.40517,1.40542,1.00,1.00
2014.11.26 03:31:51.526,1.40517,1.40541,1.00,1.00
2014.11.26 03:31:53.704,1.40517,1.40542,1.00,1.00
2014.11.26 03:31:58.162,1.40517,1.40541,1.00,1.00
2014.11.26 03:32:04.182,1.40517,1.4054,1.00,1.00
2014.11.26 03:32:04.722,1.40516,1.40539,1.00,1.00
2014.11.26 03:32:04.933,1.40514,1.4054,1.00,1.00
2014.11.26 03:32:05.152,1.40516,1.4054,1.00,1.00
2014.11.26 03:32:06.362,1.40515,1.4054,1.00,1.00
2014.11.26 03:32:12.246,1.40515,1.40536,1.00,1.00
2014.11.26 03:32:12.872,1.40515,1.40537,1.00,1.00
2014.11.26 03:32:13.486,1.40513,1.40537,1.00,1.00
2014.11.26 03:32:16.441,1.40514,1.40537,1.00,1.00
2014.11.26 03:32:16.504,1.40514,1.40539,1.00,1.00
2014.11.26 03:32:20.303,1.40515,1.40539,1.00,1.00
2014.11.26 03:32:28.389,1.40515,1.40541,1.00,1.00
2014.11.26 03:32:31.334,1.40514,1.40541,1.00,1.00
2014.11.26 03:32:32.052,1.40515,1.40541,1.00,1.00
2014.11.26 03:32:32.692,1.40515,1.4054,1.00,1.00
2014.11.26 03:32:33.455,1.40516,1.4054,1.00,1.00
2014.11.26 03:32:35.781,1.40516,1.40541,1.00,1.00
2014.11.26 03:32:36.431,1.40517,1.40541,1.00,1.00
2014.11.26 03:32:40.001,1.40516,1.40541,1.50,1.00
2014.11.26 03:32:44.994,1.40517,1.40541,1.00,1.00
2014.11.26 03:32:47.041,1.40516,1.40541,1.00,1.00
2014.11.26 03:32:49.021,1.40517,1.40541,1.00,1.00
2014.11.26 03:32:54.081,1.40516,1.40541,1.50,1.00
2014.11.26 03:33:00.431,1.40516,1.40543,1.50,1.00
2014.11.26 03:33:01.844,1.40517,1.40543,1.00,1.00
2014.11.26 03:33:05.529,1.40516,1.40543,1.50,1.00
2014.11.26 03:33:06.800,1.40517,1.40543,1.00,1.00
2014.11.26 03:33:07.306,1.40516,1.40543,1.00,1.00
2014.11.26 03:33:07.357,1.40516,1.4054,1.00,1.00
2014.11.26 03:33:07.927,1.40515,1.4054,2.25,1.00
2014.11.26 03:33:09.872,1.40516,1.4054,1.00,1.00
2014.11.26 03:33:11.173,1.40516,1.40542,1.00,1.00
2014.11.26 03:33:12.050,1.40516,1.4054,1.00,1.00
2014.11.26 03:33:12.382,1.40516,1.40542,1.00,1.00
2014.11.26 03:33:15.640,1.40515,1.40542,2.25,1.00
2014.11.26 03:33:38.892,1.40515,1.4054,1.50,1.00
2014.11.26 03:33:40.651,1.40515,1.40539,1.50,1.00
2014.11.26 03:33:42.300,1.40515,1.40537,1.50,1.00
2014.11.26 03:33:42.820,1.40516,1.40537,1.00,1.00
2014.11.26 03:33:43.071,1.40516,1.4054,1.00,1.00
2014.11.26 03:33:43.172,1.40513,1.4054,3.00,1.00
2014.11.26 03:33:43.223,1.40513,1.40537,3.00,1.00
2014.11.26 03:33:44.281,1.40513,1.40538,3.00,1.00
2014.11.26 03:33:44.941,1.40513,1.40539,3.00,1.00
2014.11.26 03:33:46.021,1.40514,1.40539,1.00,1.00
2014.11.26 03:33:49.999,1.40514,1.40538,1.00,1.00
2014.11.26 03:33:54.404,1.40514,1.40539,1.00,1.00
2014.11.26 03:33:55.150,1.40515,1.40539,1.00,1.00
2014.11.26 03:33:56.383,1.40515,1.40538,1.00,1.00
2014.11.26 03:33:59.289,1.40515,1.40541,1.00,1.00
2014.11.26 03:33:59.391,1.40515,1.40539,1.00,1.00
2014.11.26 03:34:01.230,1.40515,1.40541,1.00,1.00
2014.11.26 03:34:01.332,1.40515,1.40538,1.00,1.00
2014.11.26 03:34:01.840,1.40514,1.40538,1.00,1.00
2014.11.26 03:34:02.512,1.40515,1.40538,1.00,1.00
2014.11.26 03:34:02.563,1.40515,1.4054,1.00,1.00
2014.11.26 03:34:02.614,1.40517,1.4054,1.00,1.00
2014.11.26 03:34:02.765,1.40517,1.40543,1.50,1.25
2014.11.26 03:34:03.281,1.40516,1.40542,1.50,1.00
2014.11.26 03:34:03.852,1.40517,1.40542,1.00,1.00
2014.11.26 03:34:05.401,1.40517,1.40543,1.00,1.00
2014.11.26 03:34:05.782,1.40518,1.40545,1.00,1.00
2014.11.26 03:34:10.911,1.40518,1.40542,1.00,1.00
2014.11.26 03:34:12.492,1.40518,1.40541,1.00,1.00
2014.11.26 03:34:19.152,1.40518,1.4054,1.00,1.00
2014.11.26 03:34:19.673,1.40518,1.40539,1.00,1.00
2014.11.26 03:34:20.159,1.40516,1.40539,1.50,1.00
2014.11.26 03:34:23.161,1.40516,1.4054,1.50,1.00
2014.11.26 03:34:24.319,1.40516,1.40541,1.50,1.00
2014.11.26 03:34:47.126,1.40516,1.4054,1.00,1.00
2014.11.26 03:34:47.178,1.40516,1.40535,1.00,1.00
2014.11.26 03:34:47.279,1.40508,1.40528,2.10,1.00
2014.11.26 03:34:47.380,1.40508,1.40526,1.00,1.00
2014.11.26 03:34:47.582,1.40505,1.40526,1.00,1.00
2014.11.26 03:34:47.633,1.40505,1.40528,1.00,1.00
2014.11.26 03:34:47.734,1.40505,1.40524,1.00,1.00
2014.11.26 03:34:48.172,1.40503,1.40524,2.25,1.00
2014.11.26 03:34:48.828,1.40503,1.40522,1.50,1.00
2014.11.26 03:34:56.328,1.40503,1.40524,1.00,1.00
2014.11.26 03:35:00.388,1.40503,1.40522,1.00,1.00
2014.11.26 03:35:00.619,1.40503,1.40524,1.00,1.00
2014.11.26 03:35:01.571,1.40503,1.40522,1.00,1.00
2014.11.26 03:35:05.655,1.40503,1.40524,1.50,1.00
2014.11.26 03:35:15.290,1.40502,1.40524,1.00,1.00
2014.11.26 03:35:15.341,1.40501,1.40522,1.00,1.00
2014.11.26 03:35:22.360,1.40501,1.40524,1.00,1.00
2014.11.26 03:35:22.939,1.40501,1.40522,1.00,1.00
2014.11.26 03:35:30.277,1.40501,1.40521,1.50,1.00
2014.11.26 03:35:33.382,1.40501,1.4052,1.00,1.00
2014.11.26 03:35:38.233,1.40499,1.4052,1.00,1.00
2014.11.26 03:35:38.435,1.40498,1.40517,1.00,1.00
2014.11.26 03:35:39.049,1.40496,1.40517,1.00,1.00
2014.11.26 03:35:39.521,1.40498,1.40517,1.00,1.00
2014.11.26 03:35:43.727,1.40498,1.40516,1.00,1.00
2014.11.26 03:35:43.941,1.40498,1.40518,1.00,1.00
2014.11.26 03:35:44.143,1.405,1.40519,1.00,1.00
2014.11.26 03:35:44.295,1.405,1.40521,1.00,1.00
2014.11.26 03:35:44.346,1.40497,1.40521,1.25,1.00
2014.11.26 03:35:44.497,1.40497,1.40515,1.25,1.00
2014.11.26 03:35:45.197,1.40496,1.40515,1.25,1.00
2014.11.26 03:35:46.408,1.40495,1.40515,2.25,1.00
2014.11.26 03:35:46.458,1.40495,1.40517,2.25,1.00
2014.11.26 03:35:47.010,1.40496,1.40517,1.00,1.00
2014.11.26 03:35:47.710,1.40495,1.40517,2.25,1.00
2014.11.26 03:35:50.639,1.40496,1.40517,1.00,1.00
2014.11.26 03:35:51.253,1.40495,1.40518,1.50,1.00
2014.11.26 03:35:52.168,1.40495,1.40516,1.50,1.00
2014.11.26 03:35:56.570,1.40495,1.40515,1.50,1.00
2014.11.26 03:35:58.000,1.40495,1.40517,1.50,1.00
2014.11.26 03:35:58.303,1.40489,1.40516,1.00,1.00
2014.11.26 03:35:58.354,1.40488,1.4051,1.50,1.00
2014.11.26 03:35:58.883,1.40488,1.40511,1.00,1.00
2014.11.26 03:35:59.223,1.40487,1.40508,1.00,1.00
2014.11.26 03:35:59.441,1.40483,1.40508,1.00,1.00
2014.11.26 03:35:59.730,1.40483,1.4051,1.00,2.25
2014.11.26 03:35:59.781,1.40479,1.40505,2.25,1.00
2014.11.26 03:36:00.130,1.40482,1.40509,1.50,1.00
2014.11.26 03:36:00.332,1.40482,1.40507,1.50,1.00
2014.11.26 03:36:00.702,1.40484,1.40507,1.00,1.00
2014.11.26 03:36:01.118,1.40484,1.4051,1.00,1.50
2014.11.26 03:36:01.338,1.40484,1.40506,1.00,1.00
2014.11.26 03:36:02.112,1.40485,1.40506,1.00,1.00
2014.11.26 03:36:03.229,1.40484,1.40506,1.00,1.00
2014.11.26 03:36:03.796,1.40485,1.40506,1.00,1.00
2014.11.26 03:36:05.039,1.40485,1.40507,1.00,1.00
2014.11.26 03:36:05.570,1.40484,1.40507,1.50,1.00
2014.11.26 03:36:05.875,1.40484,1.405,1.00,1.00
2014.11.26 03:36:06.418,1.4048,1.405,1.00,1.00
2014.11.26 03:36:08.827,1.4048,1.40499,1.00,1.00
2014.11.26 03:36:14.050,1.4048,1.405,1.00,1.00
2014.11.26 03:36:26.138,1.40479,1.40498,1.00,1.00
2014.11.26 03:36:26.239,1.40474,1.40496,2.25,1.00
2014.11.26 03:36:26.797,1.40475,1.40496,1.00,1.00
2014.11.26 03:36:27.336,1.40474,1.40496,2.25,1.00
2014.11.26 03:36:30.278,1.40472,1.40496,1.50,1.00
2014.11.26 03:36:30.630,1.40475,1.40496,1.00,1.00
2014.11.26 03:36:30.782,1.40474,1.405,1.00,1.00
2014.11.26 03:36:31.085,1.40474,1.40498,1.00,1.00
2014.11.26 03:36:31.237,1.40472,1.40498,3.00,1.00
2014.11.26 03:36:31.439,1.40472,1.40501,2.25,1.09
2014.11.26 03:36:32.119,1.40472,1.40498,2.25,1.00
2014.11.26 03:36:32.634,1.40472,1.40501,1.00,1.00
2014.11.26 03:36:32.836,1.40471,1.40498,1.00,1.00
2014.11.26 03:36:33.140,1.40471,1.40494,1.50,1.00
2014.11.26 03:36:33.663,1.40471,1.40495,1.00,1.00
2014.11.26 03:36:34.635,1.40468,1.40496,1.25,1.50
2014.11.26 03:36:34.837,1.40468,1.40492,1.25,1.00
2014.11.26 03:36:34.939,1.40468,1.40494,1.25,1.00
2014.11.26 03:36:35.090,1.4047,1.40495,1.00,1.00
2014.11.26 03:36:35.292,1.40471,1.40497,1.00,1.00
2014.11.26 03:36:36.077,1.40472,1.40497,1.00,1.00
2014.11.26 03:36:36.900,1.40472,1.40498,1.00,1.00
2014.11.26 03:36:37.451,1.40472,1.40497,1.00,1.00
2014.11.26 03:36:45.272,1.40472,1.40498,1.50,1.00
2014.11.26 03:36:52.300,1.40472,1.40499,1.00,1.00
2014.11.26 03:36:52.653,1.40471,1.40495,1.00,1.00
2014.11.26 03:36:53.554,1.4047,1.40495,1.50,1.00
2014.11.26 03:36:54.372,1.40471,1.40495,1.00,1.00
2014.11.26 03:36:55.183,1.4047,1.40495,1.00,1.00
2014.11.26 03:36:55.719,1.40471,1.40495,1.00,1.00
2014.11.26 03:36:56.205,1.40473,1.40495,1.00,1.00
2014.11.26 03:36:56.407,1.40473,1.40497,1.00,1.00
2014.11.26 03:36:57.577,1.40473,1.40498,1.00,1.00
2014.11.26 03:36:58.450,1.40471,1.40498,1.00,1.00
2014.11.26 03:37:02.334,1.40471,1.40499,1.00,1.00
2014.11.26 03:37:06.513,1.4047,1.40499,3.00,1.00
2014.11.26 03:37:08.100,1.40471,1.40499,1.00,1.00
2014.11.26 03:37:12.258,1.40472,1.40499,1.00,1.00
2014.11.26 03:37:13.862,1.40472,1.40498,1.00,1.00
2014.11.26 03:37:22.228,1.40471,1.40498,1.50,1.00
2014.11.26 03:37:32.253,1.40472,1.40498,1.00,1.00
2014.11.26 03:37:36.150,1.40472,1.40499,1.00,1.00
2014.11.26 03:37:37.626,1.40474,1.40499,1.00,1.00
2014.11.26 03:37:37.678,1.40474,1.40502,1.00,1.00
2014.11.26 03:37:37.830,1.40474,1.40504,1.50,1.25
2014.11.26 03:37:38.133,1.40476,1.40505,1.00,3.94
2014.11.26 03:37:38.797,1.40476,1.40505,1.00,3.75
2014.11.26 03:37:39.628,1.40475,1.40504,2.25,1.00
2014.11.26 03:37:47.827,1.40476,1.40504,1.00,1.50
2014.11.26 03:37:51.495,1.40476,1.40501,1.00,1.00
2014.11.26 03:37:51.648,1.40471,1.40497,1.00,1.00
2014.11.26 03:37:51.749,1.40467,1.40496,1.50,2.25
2014.11.26 03:37:51.800,1.40468,1.40494,1.00,1.00
2014.11.26 03:37:52.103,1.40468,1.40492,1.00,1.00
2014.11.26 03:37:53.090,1.40467,1.40492,1.00,1.00
2014.11.26 03:37:59.406,1.40474,1.40492,1.00,1.00
2014.11.26 03:37:59.701,1.40475,1.40494,1.50,1.00
2014.11.26 03:38:00.426,1.40475,1.40497,1.50,1.00
2014.11.26 03:38:01.168,1.40474,1.40497,1.50,1.00
2014.11.26 03:38:01.219,1.40474,1.40492,1.50,1.00
2014.11.26 03:38:01.370,1.40471,1.40492,1.00,1.00
2014.11.26 03:38:01.421,1.40473,1.40495,1.00,1.00
2014.11.26 03:38:01.624,1.40475,1.40495,1.00,1.00
2014.11.26 03:38:01.927,1.40481,1.40497,1.00,1.00
2014.11.26 03:38:01.978,1.40481,1.40502,1.00,1.00
2014.11.26 03:38:02.251,1.40479,1.40501,1.50,1.00
2014.11.26 03:38:02.770,1.40478,1.40501,2.25,1.00
2014.11.26 03:38:02.993,1.40478,1.40499,2.25,1.00
2014.11.26 03:38:03.751,1.40479,1.40499,1.00,1.00
2014.11.26 03:38:04.291,1.40478,1.40499,1.00,1.00
2014.11.26 03:38:04.596,1.40477,1.40497,1.50,1.00
2014.11.26 03:38:10.141,1.40477,1.40496,1.00,1.00
2014.11.26 03:38:17.804,1.40477,1.40497,1.00,1.00
2014.11.26 03:38:20.302,1.40476,1.40497,1.50,1.00
2014.11.26 03:38:20.607,1.40476,1.40495,1.50,1.00
2014.11.26 03:38:22.635,1.40476,1.40494,1.00,1.00
2014.11.26 03:38:23.465,1.40475,1.40494,3.00,1.00
2014.11.26 03:38:24.877,1.40479,1.40494,1.00,1.00
2014.11.26 03:38:24.978,1.40481,1.40497,1.00,1.00
2014.11.26 03:38:25.079,1.40481,1.405,1.00,1.00
2014.11.26 03:38:25.181,1.40479,1.40496,1.19,1.00
2014.11.26 03:38:25.639,1.40481,1.40498,1.00,1.00
2014.11.26 03:38:26.269,1.40482,1.40497,1.00,1.00
2014.11.26 03:38:26.798,1.40483,1.40497,1.00,1.00
2014.11.26 03:38:26.849,1.40483,1.40499,1.00,1.00
2014.11.26 03:38:28.274,1.40484,1.40499,1.00,1.00
2014.11.26 03:38:34.956,1.40484,1.40501,1.00,1.00
2014.11.26 03:38:37.921,1.40483,1.40501,1.00,1.00
2014.11.26 03:38:38.173,1.40483,1.40499,1.00,1.00
2014.11.26 03:38:38.679,1.40482,1.405,1.50,1.00
2014.11.26 03:38:41.440,1.4048,1.405,1.31,1.00
2014.11.26 03:38:41.491,1.4048,1.40503,1.31,1.00
2014.11.26 03:38:41.693,1.40481,1.40499,1.00,1.00
2014.11.26 03:38:42.252,1.40481,1.40498,1.00,1.00
2014.11.26 03:38:42.662,1.40481,1.40496,1.00,1.00
2014.11.26 03:38:42.814,1.40477,1.405,1.56,1.00
2014.11.26 03:38:43.016,1.40477,1.40492,1.56,1.00
2014.11.26 03:38:43.167,1.40477,1.40493,1.25,1.00
2014.11.26 03:38:43.868,1.40477,1.40494,1.25,1.00
2014.11.26 03:38:44.405,1.40477,1.40495,1.25,1.00
2014.11.26 03:38:49.159,1.40477,1.40496,1.25,1.00
2014.11.26 03:38:53.136,1.40477,1.40495,1.25,1.00
2014.11.26 03:38:53.727,1.40477,1.40495,1.19,1.00
2014.11.26 03:38:59.096,1.40477,1.40496,1.19,1.00
2014.11.26 03:39:04.982,1.40478,1.40496,1.19,1.00
2014.11.26 03:39:05.506,1.40478,1.40497,1.19,1.00
2014.11.26 03:39:19.684,1.40478,1.405,1.19,1.00
2014.11.26 03:39:20.192,1.40478,1.405,1.25,1.00
2014.11.26 03:39:25.936,1.40478,1.40499,1.25,1.00
2014.11.26 03:39:27.604,1.40478,1.40501,1.25,1.00
2014.11.26 03:39:27.705,1.40478,1.40501,1.19,1.00
2014.11.26 03:39:32.618,1.40476,1.40501,1.25,1.00
2014.11.26 03:39:32.770,1.40476,1.40497,1.25,1.00
2014.11.26 03:39:33.351,1.40473,1.405,1.19,1.00
2014.11.26 03:39:34.006,1.40477,1.405,1.00,1.00
2014.11.26 03:39:36.074,1.40475,1.40501,1.25,1.00
2014.11.26 03:39:36.175,1.40475,1.40497,1.00,1.00
2014.11.26 03:39:36.385,1.40472,1.40496,2.25,1.00
2014.11.26 03:39:37.075,1.40472,1.40497,2.25,1.00
2014.11.26 03:39:45.625,1.40472,1.40498,2.25,1.00
2014.11.26 03:39:49.379,1.40473,1.40498,1.00,1.00
2014.11.26 03:39:56.736,1.40473,1.405,1.00,1.00
2014.11.26 03:39:57.175,1.40473,1.40498,1.00,1.00
2014.11.26 03:39:58.314,1.40472,1.40498,1.00,1.00
2014.11.26 03:39:58.617,1.40473,1.40496,1.00,1.00
2014.11.26 03:39:58.668,1.40473,1.40498,1.00,1.00
2014.11.26 03:39:58.719,1.40473,1.40495,1.00,1.00
2014.11.26 03:39:59.393,1.40473,1.40498,1.00,1.19
2014.11.26 03:39:59.446,1.40478,1.40498,1.00,1.19
2014.11.26 03:40:00.119,1.40478,1.40499,1.00,1.19
2014.11.26 03:40:00.627,1.40478,1.40497,1.00,1.00
2014.11.26 03:40:00.729,1.40474,1.40497,1.00,1.50
2014.11.26 03:40:01.577,1.40474,1.40495,1.00,1.00
2014.11.26 03:40:05.358,1.40474,1.40494,1.00,1.00
2014.11.26 03:40:06.544,1.40474,1.40495,1.00,1.00
2014.11.26 03:40:06.659,1.40472,1.40495,1.00,1.00
2014.11.26 03:40:07.311,1.40472,1.40494,1.00,1.00
2014.11.26 03:40:08.617,1.40472,1.40496,1.00,1.00
2014.11.26 03:40:11.585,1.40472,1.40497,1.00,1.00
2014.11.26 03:40:12.106,1.40472,1.40499,1.00,1.19
2014.11.26 03:40:12.759,1.40472,1.40499,1.00,1.00
2014.11.26 03:40:14.595,1.40472,1.40498,1.00,1.00
2014.11.26 03:40:14.697,1.40473,1.40496,1.00,1.00
2014.11.26 03:40:16.440,1.40473,1.40495,1.00,1.00
2014.11.26 03:40:19.855,1.40473,1.40496,1.00,1.00
2014.11.26 03:40:20.645,1.40472,1.40496,1.00,1.00
2014.11.26 03:40:21.950,1.40472,1.40498,1.00,1.00
2014.11.26 03:40:22.944,1.40472,1.40496,1.00,1.25
2014.11.26 03:40:32.880,1.40471,1.40497,1.00,1.19
2014.11.26 03:40:34.174,1.4047,1.40497,1.50,1.19
2014.11.26 03:40:34.627,1.4047,1.40496,1.50,1.19
2014.11.26 03:40:56.427,1.40467,1.40496,1.00,1.19
2014.11.26 03:40:56.831,1.40464,1.40493,1.00,1.50
2014.11.26 03:40:58.879,1.40465,1.40493,1.00,1.00
2014.11.26 03:40:59.497,1.40465,1.40494,1.50,1.00
2014.11.26 03:41:01.404,1.40465,1.40493,1.00,1.00
2014.11.26 03:41:02.990,1.40465,1.40492,1.00,1.00
2014.11.26 03:41:03.599,1.40465,1.40493,1.00,1.00
2014.11.26 03:41:04.261,1.40465,1.40492,1.00,1.00
2014.11.26 03:41:05.059,1.40465,1.40493,1.00,1.00
2014.11.26 03:41:05.618,1.40465,1.40492,1.00,1.00
2014.11.26 03:41:05.719,1.40465,1.4049,1.00,1.00
2014.11.26 03:41:06.022,1.4046,1.40488,1.50,1.00
2014.11.26 03:41:09.154,1.40461,1.40488,1.00,1.00
2014.11.26 03:41:10.104,1.40461,1.40489,1.00,1.00
2014.11.26 03:41:14.438,1.40461,1.4049,2.25,1.50
2014.11.26 03:41:15.648,1.40461,1.40489,2.25,1.00
2014.11.26 03:41:26.089,1.40461,1.40488,2.25,1.00
2014.11.26 03:41:33.315,1.40461,1.40487,2.25,1.00
2014.11.26 03:41:34.684,1.40462,1.40487,1.00,1.00
2014.11.26 03:41:39.830,1.40462,1.40489,1.00,1.00
2014.11.26 03:41:40.340,1.40462,1.40488,1.00,1.00
2014.11.26 03:41:48.619,1.40461,1.40488,1.00,1.00
2014.11.26 03:41:50.442,1.40461,1.40489,1.00,1.00
2014.11.26 03:41:50.943,1.40461,1.40488,1.00,1.00
2014.11.26 03:41:52.054,1.4046,1.40488,2.25,1.00
2014.11.26 03:41:52.686,1.4046,1.40487,2.25,1.00
2014.11.26 03:41:59.525,1.4046,1.40486,1.50,1.00
2014.11.26 03:42:00.146,1.40459,1.40486,1.50,1.00
2014.11.26 03:42:14.065,1.40459,1.40485,1.50,1.00
2014.11.26 03:42:14.575,1.4046,1.40485,1.00,1.00
2014.11.26 03:42:14.701,1.4046,1.40483,1.00,1.00
2014.11.26 03:42:21.370,1.4046,1.40485,1.00,1.00
2014.11.26 03:42:21.947,1.4046,1.40486,1.00,1.00
2014.11.26 03:42:22.113,1.4046,1.40488,1.00,1.00
2014.11.26 03:42:22.164,1.4046,1.4049,2.25,3.00
2014.11.26 03:42:22.711,1.4046,1.40489,3.75,1.00
2014.11.26 03:42:28.683,1.4046,1.40488,1.00,1.00
2014.11.26 03:42:29.127,1.40458,1.40486,1.69,1.00
2014.11.26 03:42:30.842,1.4046,1.40486,1.00,1.00
2014.11.26 03:42:32.200,1.4046,1.40485,1.00,1.00
2014.11.26 03:42:43.540,1.40459,1.40485,1.00,1.00
2014.11.26 03:42:43.851,1.40459,1.40485,1.00,1.19
2014.11.26 03:42:46.674,1.40459,1.40485,1.00,1.50
2014.11.26 03:42:51.933,1.40459,1.40483,1.00,1.00
2014.11.26 03:42:52.131,1.40456,1.40483,1.50,1.00
2014.11.26 03:42:52.232,1.40456,1.40486,1.50,1.69
2014.11.26 03:42:52.431,1.40456,1.40482,1.50,1.00
2014.11.26 03:42:53.125,1.40458,1.40484,1.00,1.00
2014.11.26 03:42:53.429,1.40458,1.40482,1.00,1.00
2014.11.26 03:42:53.732,1.40458,1.4048,1.00,1.50
2014.11.26 03:42:53.985,1.40452,1.40479,1.00,1.50
2014.11.26 03:42:54.087,1.40454,1.40479,1.00,1.00
2014.11.26 03:42:54.688,1.40455,1.40479,1.00,1.00
2014.11.26 03:42:55.111,1.40455,1.40481,1.00,1.25
2014.11.26 03:42:55.294,1.40456,1.40483,1.00,1.00
2014.11.26 03:42:55.798,1.40457,1.40485,1.00,1.19
2014.11.26 03:42:56.261,1.40459,1.40485,1.00,1.19
2014.11.26 03:42:56.771,1.4046,1.40485,1.00,1.00
2014.11.26 03:42:57.304,1.40459,1.40485,1.00,1.00
2014.11.26 03:42:58.211,1.40459,1.40486,1.00,1.50
2014.11.26 03:43:03.011,1.40459,1.40485,1.00,1.00
2014.11.26 03:43:05.895,1.40457,1.40483,2.25,1.00
2014.11.26 03:43:07.172,1.40457,1.40482,1.00,1.00
2014.11.26 03:43:13.235,1.40457,1.40483,1.50,1.50
2014.11.26 03:43:23.629,1.40457,1.40481,1.50,1.00
2014.11.26 03:43:36.554,1.40457,1.40482,1.00,1.00
2014.11.26 03:43:38.232,1.40458,1.40484,1.00,1.50
2014.11.26 03:43:38.635,1.40456,1.40484,1.50,1.50
2014.11.26 03:43:38.892,1.40456,1.40482,1.50,1.00
2014.11.26 03:43:39.443,1.40456,1.40481,1.00,1.00
2014.11.26 03:43:44.022,1.40456,1.40482,1.00,1.00
2014.11.26 03:43:58.234,1.40456,1.40484,2.25,1.00
2014.11.26 03:44:00.920,1.40457,1.40484,1.00,1.00
2014.11.26 03:44:07.127,1.40456,1.40484,2.25,1.00
2014.11.26 03:44:17.684,1.40457,1.40484,1.00,1.00
2014.11.26 03:44:17.900,1.40461,1.40484,1.00,1.00
2014.11.26 03:44:18.407,1.4046,1.40484,3.00,1.00
2014.11.26 03:44:19.300,1.4046,1.40486,3.00,1.00
2014.11.26 03:44:20.821,1.40461,1.40486,1.00,1.00
2014.11.26 03:44:29.956,1.4046,1.40486,3.00,1.00
2014.11.26 03:44:32.920,1.40461,1.40486,1.00,1.00
2014.11.26 03:44:34.130,1.4046,1.40486,3.00,1.00
2014.11.26 03:44:34.641,1.40461,1.40486,1.00,1.00
2014.11.26 03:44:36.307,1.40461,1.40487,1.00,1.00
2014.11.26 03:44:36.711,1.40459,1.40485,1.00,1.00
2014.11.26 03:44:37.219,1.40457,1.40484,1.19,1.00
2014.11.26 03:44:37.758,1.40457,1.40485,1.19,1.50
2014.11.26 03:44:38.327,1.40457,1.40484,1.19,1.00
2014.11.26 03:44:38.651,1.40457,1.40482,1.00,1.00
2014.11.26 03:44:39.618,1.40457,1.40484,1.00,1.50
2014.11.26 03:44:46.111,1.40459,1.40484,1.00,1.50
2014.11.26 03:44:46.414,1.40464,1.40486,1.00,1.00
2014.11.26 03:44:47.208,1.40464,1.40485,1.00,1.00
2014.11.26 03:44:47.722,1.40461,1.40485,1.50,1.00
2014.11.26 03:44:47.824,1.40461,1.40487,1.50,1.00
2014.11.26 03:44:47.925,1.40461,1.40485,1.00,1.00
2014.11.26 03:44:48.047,1.40459,1.40485,1.00,1.50
2014.11.26 03:44:48.250,1.40462,1.40485,1.00,1.00
2014.11.26 03:44:48.452,1.40465,1.4049,1.50,1.50
2014.11.26 03:44:49.071,1.40465,1.40491,1.50,1.00
2014.11.26 03:44:52.420,1.40465,1.4049,2.25,1.00
2014.11.26 03:44:59.293,1.40466,1.4049,1.00,1.00
2014.11.26 03:45:00.742,1.40466,1.40491,1.00,1.00
2014.11.26 03:45:02.691,1.40466,1.4049,1.00,1.00
2014.11.26 03:45:03.451,1.40466,1.40491,1.00,1.00
2014.11.26 03:45:04.672,1.40466,1.40489,1.00,1.00
2014.11.26 03:45:05.101,1.40466,1.40491,1.00,1.50
2014.11.26 03:45:09.004,1.40467,1.40491,1.00,1.00
2014.11.26 03:45:36.292,1.40467,1.4049,1.00,1.00
2014.11.26 03:45:36.829,1.40467,1.40491,1.00,1.00
2014.11.26 03:45:46.242,1.40466,1.40491,1.00,1.50
2014.11.26 03:45:47.769,1.40466,1.40492,1.00,2.25
2014.11.26 03:45:48.307,1.40467,1.40492,1.00,1.00
2014.11.26 03:45:48.877,1.40468,1.40492,1.00,1.00
2014.11.26 03:45:49.029,1.40468,1.40488,1.00,1.00
2014.11.26 03:45:49.079,1.40465,1.40488,1.00,1.00
2014.11.26 03:45:49.654,1.40465,1.40487,1.00,1.00
2014.11.26 03:45:50.364,1.40462,1.40487,1.50,1.00
2014.11.26 03:45:50.666,1.40462,1.40485,1.50,1.00
2014.11.26 03:45:50.950,1.40459,1.40487,1.50,1.50
2014.11.26 03:45:51.001,1.40459,1.40483,1.00,1.00
2014.11.26 03:45:51.103,1.40458,1.40485,1.25,1.50
2014.11.26 03:45:51.254,1.40461,1.40485,1.00,1.00
2014.11.26 03:45:51.557,1.40465,1.40485,1.00,1.00
2014.11.26 03:45:52.620,1.40465,1.40487,1.00,1.00
2014.11.26 03:45:52.671,1.40462,1.40487,1.00,1.00
2014.11.26 03:45:52.722,1.40462,1.40483,1.00,1.00
2014.11.26 03:45:52.874,1.40458,1.40483,1.00,1.00
2014.11.26 03:45:53.820,1.40458,1.40485,1.00,1.50
2014.11.26 03:45:53.871,1.4046,1.40485,1.00,1.50
2014.11.26 03:45:55.030,1.4046,1.40486,1.00,1.00
2014.11.26 03:45:58.220,1.4046,1.40485,1.00,1.00
2014.11.26 03:46:04.373,1.40461,1.40485,1.00,1.00
2014.11.26 03:46:06.290,1.4046,1.40485,1.00,1.00
2014.11.26 03:46:14.651,1.4046,1.40487,1.50,3.00
2014.11.26 03:46:15.843,1.4046,1.40485,1.50,1.00
2014.11.26 03:46:23.200,1.4046,1.40484,1.00,1.00
2014.11.26 03:46:23.804,1.40459,1.40484,1.00,1.00
2014.11.26 03:46:34.303,1.4046,1.40484,1.00,1.00
2014.11.26 03:46:36.307,1.40459,1.40484,1.00,1.00
2014.11.26 03:46:36.509,1.40456,1.40484,1.69,2.25
2014.11.26 03:46:36.591,1.40456,1.40481,1.00,1.00
2014.11.26 03:46:36.643,1.40453,1.40479,1.50,1.00
2014.11.26 03:46:36.745,1.40453,1.40477,1.00,1.50
2014.11.26 03:46:36.846,1.4045,1.40477,1.25,1.50
2014.11.26 03:46:36.949,1.4045,1.40474,1.25,1.00
2014.11.26 03:46:37.622,1.4045,1.40472,1.25,1.00
2014.11.26 03:46:38.103,1.40448,1.4047,1.00,1.00
2014.11.26 03:46:38.648,1.40448,1.40471,1.00,1.00
2014.11.26 03:46:38.970,1.40452,1.40473,1.00,1.00
2014.11.26 03:46:39.274,1.40452,1.40475,1.00,1.00
2014.11.26 03:46:39.527,1.4045,1.40474,1.50,1.00
2014.11.26 03:46:39.640,1.40451,1.40476,1.00,1.00
2014.11.26 03:46:40.161,1.4045,1.40475,1.00,1.00
2014.11.26 03:46:40.263,1.40452,1.40475,1.00,1.00
2014.11.26 03:46:40.496,1.40452,1.40479,1.50,1.50
2014.11.26 03:46:40.658,1.40453,1.40476,1.00,1.00
2014.11.26 03:46:41.312,1.40453,1.40477,1.00,1.00
2014.11.26 03:46:46.075,1.40452,1.40477,1.50,1.00
2014.11.26 03:46:46.639,1.40453,1.40478,1.00,1.00
2014.11.26 03:46:47.163,1.40454,1.40478,1.00,1.00
2014.11.26 03:46:47.930,1.40453,1.40477,1.00,1.00
2014.11.26 03:46:49.143,1.40453,1.40476,1.00,1.00
2014.11.26 03:46:49.690,1.40453,1.40475,1.00,1.00
2014.11.26 03:46:53.864,1.40452,1.40475,1.00,1.00
2014.11.26 03:46:54.408,1.40452,1.40476,1.00,1.50
2014.11.26 03:46:57.690,1.4045,1.40476,1.00,1.00
2014.11.26 03:46:57.741,1.4045,1.40473,1.00,1.00
2014.11.26 03:46:57.792,1.40447,1.40473,1.50,1.00
2014.11.26 03:47:03.352,1.40447,1.40474,1.00,1.50
2014.11.26 03:47:03.555,1.40445,1.40472,1.50,1.00
2014.11.26 03:47:03.861,1.40449,1.40475,1.00,1.00
2014.11.26 03:47:04.163,1.40452,1.40475,1.00,1.00
2014.11.26 03:47:04.690,1.40451,1.40475,1.50,1.00
2014.11.26 03:47:05.265,1.40452,1.40475,1.00,1.00
2014.11.26 03:47:06.672,1.40451,1.40475,1.00,1.00
2014.11.26 03:47:06.788,1.40449,1.40475,1.50,1.00
2014.11.26 03:47:07.204,1.40449,1.40473,1.00,1.00
2014.11.26 03:47:08.631,1.40449,1.40474,1.00,1.00
2014.11.26 03:47:11.073,1.40447,1.40474,3.00,1.00
2014.11.26 03:47:11.174,1.40447,1.40472,1.50,1.00
2014.11.26 03:47:11.426,1.40447,1.40474,1.00,1.00
2014.11.26 03:47:12.020,1.40448,1.40474,1.00,1.00
2014.11.26 03:47:12.821,1.40448,1.40475,1.00,1.69
2014.11.26 03:47:12.923,1.40447,1.40472,1.00,1.00
2014.11.26 03:47:13.127,1.40445,1.40472,1.00,1.00
2014.11.26 03:47:13.927,1.40445,1.40474,1.00,2.25
2014.11.26 03:47:14.570,1.40446,1.40474,1.00,1.50
2014.11.26 03:47:17.320,1.40445,1.40474,2.25,1.50
2014.11.26 03:47:19.878,1.40445,1.40471,1.00,1.00
2014.11.26 03:47:20.232,1.40447,1.40472,1.00,1.00
2014.11.26 03:47:20.333,1.40447,1.40474,1.50,1.00
2014.11.26 03:47:20.535,1.40448,1.40476,1.50,1.50
2014.11.26 03:47:20.636,1.40448,1.40473,1.50,1.00
2014.11.26 03:47:21.156,1.40448,1.40471,1.00,1.00
2014.11.26 03:47:21.478,1.40448,1.40469,1.00,1.00
2014.11.26 03:47:22.473,1.40447,1.40469,1.00,1.00
2014.11.26 03:47:22.602,1.40447,1.40471,1.00,1.00
2014.11.26 03:47:23.047,1.40447,1.40469,1.00,1.00
2014.11.26 03:47:23.864,1.40447,1.4047,1.50,1.00
2014.11.26 03:47:25.479,1.40447,1.40469,1.00,1.00
2014.11.26 03:47:26.151,1.40446,1.40469,2.25,1.00
2014.11.26 03:47:27.141,1.40446,1.40468,1.00,1.00
2014.11.26 03:47:27.444,1.40446,1.40465,1.00,1.00
2014.11.26 03:47:28.143,1.40439,1.40465,1.50,1.00
2014.11.26 03:47:28.661,1.4044,1.40465,1.00,1.00
2014.11.26 03:47:28.848,1.4044,1.40467,1.00,1.00
2014.11.26 03:47:29.486,1.40439,1.40466,1.50,1.00
2014.11.26 03:47:33.551,1.4044,1.40466,1.00,1.00
2014.11.26 03:47:40.038,1.4044,1.40467,3.00,1.00
2014.11.26 03:47:40.290,1.40442,1.40467,1.00,1.00
2014.11.26 03:47:40.340,1.40442,1.4047,2.25,1.00
2014.11.26 03:47:41.650,1.40442,1.40468,2.25,1.00
2014.11.26 03:47:41.801,1.40442,1.4047,2.25,1.00
2014.11.26 03:47:42.103,1.40444,1.40471,1.00,1.00
2014.11.26 03:47:42.564,1.40446,1.40471,1.00,1.00
2014.11.26 03:47:44.078,1.40445,1.40471,1.00,1.00
2014.11.26 03:47:50.738,1.40444,1.40471,1.00,1.00
2014.11.26 03:47:51.322,1.40444,1.4047,1.00,1.00
2014.11.26 03:47:52.007,1.40444,1.40471,1.00,1.00
2014.11.26 03:47:52.648,1.40443,1.40471,1.50,1.00
2014.11.26 03:47:54.159,1.40444,1.40471,1.00,1.00
2014.11.26 03:48:00.477,1.40444,1.4047,1.00,1.00
2014.11.26 03:48:02.130,1.40444,1.40471,1.00,1.00
2014.11.26 03:48:02.635,1.40445,1.40471,1.00,1.00
2014.11.26 03:48:04.201,1.40446,1.40471,1.00,1.00
2014.11.26 03:48:04.871,1.40446,1.40473,1.00,1.00
2014.11.26 03:48:09.917,1.40446,1.40472,1.00,1.00
2014.11.26 03:48:10.410,1.40447,1.40474,1.50,1.00
2014.11.26 03:48:10.958,1.40447,1.40473,1.00,1.00
2014.11.26 03:48:11.507,1.40448,1.40474,1.00,1.00
2014.11.26 03:48:11.648,1.40446,1.40474,1.00,1.00
2014.11.26 03:48:12.522,1.40446,1.40471,1.00,1.00
2014.11.26 03:48:12.826,1.40439,1.40465,1.69,1.00
2014.11.26 03:48:12.979,1.40437,1.40463,1.00,1.00
2014.11.26 03:48:13.132,1.40434,1.40464,1.00,1.50
2014.11.26 03:48:14.619,1.40433,1.40463,3.00,1.00
2014.11.26 03:48:14.958,1.40435,1.40464,1.00,1.50
2014.11.26 03:48:15.482,1.40434,1.40463,1.00,1.00
2014.11.26 03:48:16.102,1.40435,1.40463,1.00,1.00
2014.11.26 03:48:17.037,1.40434,1.40463,1.00,1.00
2014.11.26 03:48:19.349,1.40435,1.40463,1.00,1.00
2014.11.26 03:48:22.904,1.40435,1.40464,1.00,1.50
2014.11.26 03:48:23.007,1.40433,1.40463,3.00,1.00
2014.11.26 03:48:29.056,1.40433,1.40462,2.25,1.00
2014.11.26 03:48:29.616,1.40433,1.40463,3.00,1.00
2014.11.26 03:48:31.056,1.40433,1.40462,2.25,1.00
2014.11.26 03:48:31.595,1.40433,1.40463,3.00,1.00
2014.11.26 03:48:33.881,1.40433,1.40462,2.25,1.00
2014.11.26 03:48:35.864,1.40433,1.40463,3.00,1.00
2014.11.26 03:48:36.518,1.40433,1.40462,2.25,1.00
2014.11.26 03:48:37.798,1.40433,1.40463,2.25,1.00
2014.11.26 03:48:45.389,1.40433,1.40462,1.50,1.00
2014.11.26 03:48:45.891,1.40433,1.40463,2.25,1.50
2014.11.26 03:48:47.338,1.40433,1.40462,2.25,1.00
2014.11.26 03:48:47.898,1.40433,1.40461,1.50,1.00
2014.11.26 03:49:03.358,1.40435,1.40461,1.00,1.00
2014.11.26 03:49:04.403,1.40437,1.40461,1.00,1.00
2014.11.26 03:49:04.586,1.40437,1.40463,1.00,1.50
2014.11.26 03:49:04.728,1.40435,1.40463,1.00,1.50
2014.11.26 03:49:05.097,1.40437,1.40463,1.00,1.50
2014.11.26 03:49:05.277,1.40435,1.40463,1.00,2.25
2014.11.26 03:49:05.569,1.40435,1.40461,1.00,1.00
2014.11.26 03:49:09.371,1.40435,1.40462,1.00,1.00
2014.11.26 03:49:09.472,1.40433,1.40462,1.50,1.00
2014.11.26 03:49:09.725,1.40433,1.4046,1.50,1.00
2014.11.26 03:49:09.826,1.40433,1.40462,1.50,1.50
2014.11.26 03:49:10.336,1.40433,1.40461,1.50,1.00
2014.11.26 03:49:11.098,1.40433,1.40462,1.50,1.00
2014.11.26 03:49:11.456,1.40437,1.40464,1.00,1.50
2014.11.26 03:49:12.284,1.40437,1.40463,1.00,1.00
2014.11.26 03:49:13.541,1.40436,1.40463,1.50,1.50
2014.11.26 03:49:14.288,1.40436,1.40462,1.00,1.00
2014.11.26 03:49:14.531,1.40432,1.4046,1.00,1.00
2014.11.26 03:49:14.632,1.4043,1.40459,1.50,1.00
2014.11.26 03:49:14.683,1.4043,1.40457,1.00,1.00
2014.11.26 03:49:15.000,1.4043,1.40455,1.00,1.00
2014.11.26 03:49:15.511,1.4043,1.40454,1.00,1.00
2014.11.26 03:49:16.076,1.40428,1.40454,1.00,1.00
2014.11.26 03:49:18.094,1.40429,1.40454,1.00,1.00
2014.11.26 03:49:18.724,1.40429,1.40455,1.00,1.00
2014.11.26 03:49:18.876,1.40432,1.40456,1.00,1.00
2014.11.26 03:49:19.384,1.40432,1.40457,1.00,1.00
2014.11.26 03:49:20.837,1.40431,1.40457,1.00,1.00
2014.11.26 03:49:21.348,1.40432,1.40458,1.00,1.00
2014.11.26 03:49:21.988,1.40432,1.40459,1.00,1.00
2014.11.26 03:49:22.528,1.40434,1.4046,1.00,1.50
2014.11.26 03:49:23.085,1.40434,1.40461,1.00,1.00
2014.11.26 03:49:24.518,1.40434,1.40463,1.50,2.25
2014.11.26 03:49:25.156,1.40435,1.40463,1.00,2.25
2014.11.26 03:49:26.515,1.40434,1.40463,2.25,1.50
2014.11.26 03:49:27.377,1.40434,1.40462,1.50,1.00
2014.11.26 03:49:27.982,1.40435,1.40463,1.00,2.25
2014.11.26 03:49:31.438,1.40436,1.40463,1.00,1.50
2014.11.26 03:49:33.496,1.40435,1.40463,1.00,1.50
2014.11.26 03:49:34.008,1.4044,1.40463,1.00,1.50
2014.11.26 03:49:34.317,1.40444,1.40466,1.00,1.00
2014.11.26 03:49:34.620,1.40453,1.40466,1.50,1.00
2014.11.26 03:49:34.671,1.40453,1.40471,1.50,1.00
2014.11.26 03:49:34.772,1.40457,1.40477,1.00,1.00
2014.11.26 03:49:34.873,1.40457,1.40479,1.00,1.50
2014.11.26 03:49:34.974,1.40456,1.40475,1.00,1.00
2014.11.26 03:49:35.076,1.40452,1.40475,1.00,1.00
2014.11.26 03:49:35.302,1.40448,1.40475,1.50,1.00
2014.11.26 03:49:35.840,1.40448,1.40474,1.00,1.00
2014.11.26 03:49:38.136,1.40446,1.40474,2.25,1.00
2014.11.26 03:49:38.288,1.40446,1.40472,2.25,1.00
2014.11.26 03:49:38.651,1.40446,1.4047,2.25,1.00
2014.11.26 03:49:39.365,1.40446,1.40471,2.25,1.00
2014.11.26 03:49:40.490,1.40446,1.40472,2.25,1.00
2014.11.26 03:49:40.795,1.40446,1.40474,2.25,1.50
2014.11.26 03:49:41.126,1.40446,1.40472,2.25,1.00
2014.11.26 03:49:42.556,1.40446,1.40474,2.25,1.00
2014.11.26 03:49:42.713,1.40446,1.40472,2.25,1.00
2014.11.26 03:49:45.868,1.40446,1.40474,1.00,1.50
2014.11.26 03:49:46.348,1.40449,1.40474,1.00,1.00
2014.11.26 03:49:46.550,1.40443,1.4047,1.00,1.00
2014.11.26 03:49:46.702,1.40441,1.4047,1.00,1.50
2014.11.26 03:49:46.753,1.40441,1.40468,1.00,1.00
2014.11.26 03:49:47.285,1.4044,1.40468,1.50,1.00
2014.11.26 03:49:55.262,1.40441,1.40469,1.00,1.00
2014.11.26 03:49:55.413,1.40446,1.40476,1.00,1.50
2014.11.26 03:49:55.565,1.40447,1.40473,1.00,1.00
2014.11.26 03:49:55.667,1.40447,1.40475,1.50,1.00
2014.11.26 03:49:56.072,1.40449,1.40477,1.00,1.19
2014.11.26 03:49:59.385,1.40449,1.40475,1.00,1.00
2014.11.26 03:50:00.252,1.40448,1.40475,1.50,1.00
2014.11.26 03:50:02.414,1.40449,1.40475,1.00,1.50
2014.11.26 03:50:03.638,1.4045,1.40475,1.00,1.00
2014.11.26 03:50:06.557,1.4045,1.40477,1.00,1.25
2014.11.26 03:50:11.072,1.40449,1.40478,1.00,1.19
2014.11.26 03:50:11.427,1.40448,1.40475,1.00,1.00
2014.11.26 03:50:11.925,1.40446,1.40475,1.50,1.00
2014.11.26 03:50:12.027,1.40443,1.40471,1.00,1.00
2014.11.26 03:50:12.230,1.4044,1.4047,1.69,1.50
2014.11.26 03:50:12.301,1.4044,1.40468,1.50,1.00
2014.11.26 03:50:12.605,1.40448,1.40471,1.00,1.00
2014.11.26 03:50:12.656,1.40448,1.40474,1.00,1.50
2014.11.26 03:50:12.807,1.40452,1.40477,1.00,1.19
2014.11.26 03:50:13.110,1.40454,1.40477,1.00,1.19
2014.11.26 03:50:14.997,1.40454,1.40477,1.00,1.00
2014.11.26 03:50:16.214,1.40455,1.40477,1.00,1.00
2014.11.26 03:50:17.465,1.40455,1.40478,1.00,1.00
2014.11.26 03:50:17.989,1.40455,1.40477,1.00,1.00
2014.11.26 03:50:24.328,1.40454,1.40477,1.00,1.00
2014.11.26 03:50:27.341,1.40455,1.40477,1.00,1.00
2014.11.26 03:50:29.280,1.40457,1.40484,1.00,1.69
2014.11.26 03:50:29.432,1.40457,1.40484,1.00,1.00
2014.11.26 03:50:29.483,1.40459,1.40485,1.00,1.00
2014.11.26 03:50:29.785,1.40461,1.40485,1.00,1.00
2014.11.26 03:50:30.341,1.40461,1.40483,1.00,1.00
2014.11.26 03:50:32.982,1.40459,1.40483,1.00,1.00
2014.11.26 03:50:34.288,1.40461,1.40483,1.00,1.00
2014.11.26 03:50:34.618,1.40459,1.40483,1.50,1.00
2014.11.26 03:50:36.378,1.40459,1.40485,1.50,1.00
2014.11.26 03:50:38.544,1.40454,1.4048,1.00,1.00
2014.11.26 03:50:38.916,1.40454,1.40477,1.00,1.00
2014.11.26 03:50:40.163,1.40454,1.40478,1.00,1.50
2014.11.26 03:50:40.675,1.40453,1.40478,1.00,1.50
2014.11.26 03:50:42.358,1.40454,1.40477,1.00,1.00
2014.11.26 03:50:42.930,1.40457,1.40477,1.00,1.00
2014.11.26 03:50:43.133,1.40459,1.40483,1.00,1.00
2014.11.26 03:50:43.234,1.40461,1.40483,1.00,1.00
2014.11.26 03:50:43.488,1.40459,1.40483,1.00,1.00
2014.11.26 03:50:50.128,1.40459,1.40484,1.00,1.00
2014.11.26 03:50:50.179,1.40461,1.40484,1.00,1.00
2014.11.26 03:50:51.009,1.40461,1.40483,1.00,1.00
2014.11.26 03:50:53.538,1.40461,1.40484,1.00,1.00
2014.11.26 03:50:59.542,1.40462,1.40484,1.00,1.00
2014.11.26 03:51:00.128,1.40461,1.40484,1.00,1.00
2014.11.26 03:51:03.109,1.40461,1.40485,1.00,1.00
2014.11.26 03:51:03.659,1.40462,1.40483,1.00,1.00
2014.11.26 03:51:04.528,1.40461,1.40483,1.00,1.00
2014.11.26 03:51:05.098,1.40461,1.40485,1.00,1.00
2014.11.26 03:51:06.398,1.40459,1.40485,1.00,1.00
2014.11.26 03:51:07.828,1.40461,1.40485,1.00,1.00
2014.11.26 03:51:08.377,1.40462,1.40485,1.00,1.00
2014.11.26 03:51:08.920,1.40463,1.40486,1.00,1.00
2014.11.26 03:51:13.768,1.40464,1.40486,1.00,1.00
2014.11.26 03:51:14.255,1.40462,1.40486,1.00,1.00
2014.11.26 03:51:14.647,1.40464,1.40486,1.00,1.00
2014.11.26 03:51:15.200,1.40463,1.40486,1.00,1.00
2014.11.26 03:51:16.708,1.40464,1.40486,1.00,1.00
2014.11.26 03:51:17.407,1.40463,1.40486,1.00,1.00
2014.11.26 03:51:18.708,1.40464,1.40486,1.00,1.00
2014.11.26 03:51:19.018,1.40461,1.40486,1.00,1.00
2014.11.26 03:51:20.667,1.40462,1.40486,1.00,1.00
2014.11.26 03:51:21.341,1.40461,1.40486,1.00,1.00
2014.11.26 03:51:22.650,1.40462,1.40486,1.00,1.00
2014.11.26 03:51:23.162,1.40461,1.40486,1.00,1.00
2014.11.26 03:51:24.386,1.40459,1.40486,1.50,1.50
2014.11.26 03:51:24.488,1.40456,1.40486,1.50,1.00
2014.11.26 03:51:24.589,1.40456,1.40481,1.00,1.00
2014.11.26 03:51:25.128,1.40457,1.4048,1.00,1.00
2014.11.26 03:51:26.066,1.40456,1.4048,1.50,1.00
2014.11.26 03:51:26.167,1.40454,1.4048,1.00,1.00
2014.11.26 03:51:26.268,1.40451,1.4048,1.50,1.00
2014.11.26 03:51:26.370,1.40451,1.40478,1.50,1.00
2014.11.26 03:51:26.772,1.40453,1.40477,1.00,1.00
2014.11.26 03:51:28.680,1.40451,1.40477,1.00,1.00
2014.11.26 03:51:36.497,1.4045,1.40477,3.00,1.00
2014.11.26 03:51:36.598,1.40452,1.40477,1.00,1.00
2014.11.26 03:51:36.927,1.40459,1.4048,1.00,1.00
2014.11.26 03:51:37.455,1.4046,1.4048,1.00,1.00
2014.11.26 03:51:37.557,1.4046,1.40486,1.00,1.00
2014.11.26 03:51:37.658,1.40462,1.40486,1.00,1.00
2014.11.26 03:51:38.218,1.40462,1.40487,1.50,1.00
2014.11.26 03:51:38.420,1.4046,1.40486,1.00,1.00
2014.11.26 03:51:38.730,1.4046,1.40483,1.00,1.00
2014.11.26 03:51:38.860,1.40458,1.40483,1.00,1.00
2014.11.26 03:51:41.376,1.40458,1.40482,1.00,1.00
2014.11.26 03:51:42.691,1.40458,1.4048,1.00,1.00
2014.11.26 03:51:43.047,1.40457,1.40482,1.00,1.00
2014.11.26 03:51:46.428,1.40457,1.40483,1.00,1.00
2014.11.26 03:52:04.910,1.40457,1.40486,1.00,1.50
2014.11.26 03:52:05.062,1.40457,1.40477,1.00,1.00
2014.11.26 03:52:05.588,1.40456,1.40477,1.00,1.00
2014.11.26 03:52:05.942,1.40457,1.40483,1.00,1.00
2014.11.26 03:52:06.144,1.40457,1.40485,1.00,1.00
2014.11.26 03:52:06.680,1.40456,1.40485,2.25,1.00
2014.11.26 03:52:11.394,1.40459,1.40485,1.00,1.00
2014.11.26 03:52:12.271,1.40457,1.40485,1.00,1.00
2014.11.26 03:52:14.808,1.40457,1.40484,1.00,1.00
2014.11.26 03:52:22.288,1.40457,1.40483,1.00,1.00
2014.11.26 03:52:23.204,1.4046,1.40483,1.00,1.50
2014.11.26 03:52:23.305,1.40451,1.4048,1.69,1.00
2014.11.26 03:52:23.406,1.40451,1.4048,1.00,1.50
2014.11.26 03:52:23.456,1.40451,1.40478,1.00,1.00
2014.11.26 03:52:23.709,1.40447,1.40476,1.69,1.00
2014.11.26 03:52:23.759,1.40447,1.40474,1.69,1.00
2014.11.26 03:52:24.298,1.40449,1.40473,1.00,1.00
2014.11.26 03:52:24.793,1.40447,1.40473,1.50,1.00
2014.11.26 03:52:26.796,1.40447,1.40475,1.00,1.00
2014.11.26 03:52:28.336,1.40447,1.40474,1.00,1.00
2014.11.26 03:52:31.458,1.40447,1.40476,1.00,1.25
2014.11.26 03:52:31.525,1.40447,1.40474,1.00,1.00
2014.11.26 03:52:35.817,1.40447,1.40476,1.00,1.00
2014.11.26 03:52:35.969,1.40447,1.40474,1.00,1.00
2014.11.26 03:52:38.027,1.40445,1.40474,1.00,1.00
2014.11.26 03:52:40.143,1.40444,1.40474,2.25,1.00
2014.11.26 03:52:40.756,1.40445,1.40474,1.00,1.00
2014.11.26 03:52:41.318,1.40445,1.40475,1.00,1.50
2014.11.26 03:52:41.420,1.40448,1.40475,1.00,1.50
2014.11.26 03:52:42.637,1.40448,1.40476,1.00,1.69
2014.11.26 03:52:43.410,1.40446,1.40476,1.50,1.50
2014.11.26 03:52:52.826,1.40445,1.40475,2.25,1.00
2014.11.26 03:52:53.357,1.40445,1.40474,1.00,1.00
2014.11.26 03:52:55.940,1.40445,1.40473,1.00,1.00
2014.11.26 03:52:56.448,1.40446,1.40474,1.50,1.50
2014.11.26 03:52:57.046,1.40446,1.40473,1.50,1.00
2014.11.26 03:52:58.931,1.40446,1.40474,1.00,1.00
2014.11.26 03:52:59.466,1.40447,1.40474,1.00,1.00
2014.11.26 03:53:02.886,1.40447,1.40476,1.00,1.19
2014.11.26 03:53:02.995,1.40447,1.40469,1.00,1.00
2014.11.26 03:53:04.012,1.40447,1.40467,1.00,1.00
2014.11.26 03:53:04.522,1.40447,1.40466,1.00,1.00
2014.11.26 03:53:05.608,1.40444,1.40466,1.00,1.00
2014.11.26 03:53:13.710,1.40444,1.40465,1.50,1.00
2014.11.26 03:53:14.226,1.40443,1.40465,1.50,1.00
2014.11.26 03:53:14.914,1.40444,1.40465,1.00,1.00
2014.11.26 03:53:30.408,1.40446,1.40465,1.00,1.00
2014.11.26 03:53:30.711,1.4045,1.40469,1.50,1.00
2014.11.26 03:53:31.402,1.4045,1.4047,1.50,1.00
2014.11.26 03:53:34.895,1.4045,1.40472,1.50,1.00
2014.11.26 03:53:55.355,1.4045,1.40473,1.50,1.00
2014.11.26 03:53:57.115,1.4045,1.40474,1.50,1.50
2014.11.26 03:54:01.871,1.4045,1.40473,1.50,1.00
2014.11.26 03:54:07.064,1.40451,1.40473,1.00,1.00
2014.11.26 03:54:11.408,1.40451,1.40474,1.00,1.00
2014.11.26 03:54:18.533,1.40452,1.40474,1.00,1.00
2014.11.26 03:54:19.459,1.40451,1.40474,1.00,1.00
2014.11.26 03:54:21.976,1.40451,1.40473,1.00,1.00
2014.11.26 03:54:24.656,1.4045,1.40473,1.50,1.00
2014.11.26 03:54:24.757,1.40452,1.40473,1.00,1.00
2014.11.26 03:54:25.393,1.40451,1.40473,1.00,1.00
2014.11.26 03:54:32.263,1.40452,1.40473,1.00,1.00
2014.11.26 03:54:33.804,1.40451,1.40473,1.50,1.00
2014.11.26 03:54:34.684,1.40452,1.40473,1.00,1.00
2014.11.26 03:54:36.633,1.40451,1.40473,1.50,1.00
2014.11.26 03:54:37.286,1.40452,1.40473,1.00,1.00
2014.11.26 03:54:38.574,1.40451,1.40473,1.50,1.00
2014.11.26 03:54:41.587,1.40451,1.40475,1.50,1.00
2014.11.26 03:54:41.637,1.40453,1.40475,1.00,1.00
2014.11.26 03:54:42.176,1.40453,1.40476,1.50,1.00
2014.11.26 03:54:43.105,1.40453,1.40478,1.00,1.00
2014.11.26 03:54:43.156,1.40453,1.40478,1.00,1.19
2014.11.26 03:54:43.561,1.40452,1.40474,1.00,1.00
2014.11.26 03:54:44.644,1.40453,1.40477,1.00,1.00
2014.11.26 03:55:11.854,1.40454,1.4048,1.00,1.00
2014.11.26 03:55:11.955,1.40456,1.4048,1.00,1.00
2014.11.26 03:55:12.056,1.40456,1.40482,1.00,1.69
2014.11.26 03:55:12.462,1.40454,1.40481,1.00,1.00
2014.11.26 03:55:12.972,1.40455,1.40481,1.00,1.00
2014.11.26 03:55:32.764,1.40454,1.40481,1.00,1.00
2014.11.26 03:55:33.278,1.40455,1.40481,1.00,1.00
2014.11.26 03:55:34.428,1.40453,1.40481,1.00,1.00
2014.11.26 03:55:34.630,1.40455,1.40481,1.00,1.00
2014.11.26 03:55:46.695,1.40455,1.40483,1.00,1.54
2014.11.26 03:55:47.444,1.40456,1.40482,1.00,1.05
2014.11.26 03:55:50.121,1.40456,1.4048,1.00,1.00
2014.11.26 03:55:50.321,1.40456,1.40483,1.00,1.69
2014.11.26 03:55:51.810,1.40456,1.40481,1.00,1.00
2014.11.26 03:55:53.362,1.40453,1.40481,1.50,1.00
2014.11.26 03:55:58.611,1.40452,1.40481,1.50,1.50
2014.11.26 03:55:58.712,1.40452,1.40474,1.50,1.00
2014.11.26 03:55:59.341,1.40452,1.4048,1.50,1.00
2014.11.26 03:56:00.049,1.40453,1.4048,1.00,1.00
2014.11.26 03:56:04.331,1.40453,1.40483,1.00,3.19
2014.11.26 03:56:04.382,1.40453,1.40481,1.00,1.19
2014.11.26 03:56:04.734,1.40452,1.40473,1.50,1.00
2014.11.26 03:56:18.202,1.40452,1.40471,1.00,1.00
2014.11.26 03:56:18.405,1.40447,1.40471,2.25,1.00
2014.11.26 03:56:18.609,1.40443,1.40471,1.00,1.00
2014.11.26 03:56:19.632,1.40447,1.40471,1.00,1.00
2014.11.26 03:56:21.561,1.40444,1.40471,1.00,1.00
2014.11.26 03:56:22.973,1.40444,1.40472,1.00,1.00
2014.11.26 03:56:23.526,1.40444,1.40473,1.00,1.00
2014.11.26 03:56:24.040,1.40444,1.40472,1.00,1.00
2014.11.26 03:56:24.892,1.40444,1.40473,1.00,1.00
2014.11.26 03:56:25.394,1.40444,1.40474,1.50,3.75
2014.11.26 03:56:26.113,1.40444,1.40473,1.00,1.00
2014.11.26 03:56:28.798,1.40444,1.40471,1.00,1.00
2014.11.26 03:56:34.141,1.40444,1.40474,1.00,4.50
2014.11.26 03:56:34.769,1.40444,1.40471,1.00,1.00
2014.11.26 03:56:35.271,1.40446,1.40471,1.00,1.00
2014.11.26 03:56:49.546,1.40446,1.4047,1.00,1.00
2014.11.26 03:56:51.071,1.40444,1.4047,1.00,1.00
2014.11.26 03:56:53.490,1.40445,1.4047,1.00,1.00
2014.11.26 03:56:53.541,1.40445,1.40472,1.00,1.00
2014.11.26 03:56:54.121,1.40445,1.40471,1.00,1.00
2014.11.26 03:56:55.216,1.40443,1.40471,1.00,1.00
2014.11.26 03:57:05.423,1.40444,1.40471,1.00,1.00
2014.11.26 03:57:07.239,1.40445,1.40471,1.00,1.00
2014.11.26 03:57:07.849,1.40445,1.40472,1.00,1.00
2014.11.26 03:57:09.550,1.40445,1.4047,1.00,1.00
2014.11.26 03:57:13.163,1.40445,1.40472,1.00,1.00
2014.11.26 03:57:22.657,1.40445,1.40474,2.25,1.00
2014.11.26 03:57:22.708,1.40447,1.40474,1.00,1.00
2014.11.26 03:57:23.023,1.40449,1.40477,1.69,1.50
2014.11.26 03:57:23.875,1.40449,1.40479,2.44,1.00
2014.11.26 03:57:24.227,1.40449,1.40479,2.44,1.00
2014.11.26 03:57:34.710,1.40452,1.4048,1.19,1.50
2014.11.26 03:57:35.323,1.40454,1.4048,1.00,1.50
2014.11.26 03:57:36.111,1.40454,1.4048,1.19,1.50
2014.11.26 03:57:37.215,1.40454,1.4048,1.25,1.00
2014.11.26 03:57:37.826,1.40454,1.4048,1.19,1.00
2014.11.26 03:57:37.927,1.40454,1.40483,1.19,2.25
2014.11.26 03:57:38.180,1.40458,1.40482,1.00,1.00
2014.11.26 03:57:38.281,1.40458,1.40484,1.00,1.00
2014.11.26 03:57:38.584,1.40456,1.40483,1.25,1.00
2014.11.26 03:57:39.205,1.40456,1.40482,1.25,1.00
2014.11.26 03:57:39.621,1.40454,1.4048,1.69,1.00
2014.11.26 03:57:41.421,1.40454,1.4048,1.00,1.00
2014.11.26 03:57:53.120,1.40455,1.4048,1.00,1.00
2014.11.26 03:57:53.781,1.40454,1.4048,1.00,1.00
2014.11.26 03:57:57.490,1.40454,1.40479,1.00,1.00
2014.11.26 03:57:58.152,1.40454,1.40481,1.00,1.50
2014.11.26 03:58:01.159,1.40453,1.40481,1.00,1.50
2014.11.26 03:58:01.561,1.40453,1.40479,1.00,1.00
2014.11.26 03:58:04.551,1.40454,1.40481,1.00,1.00
2014.11.26 03:58:05.109,1.40454,1.4048,1.00,1.00
2014.11.26 03:58:05.781,1.40455,1.4048,1.00,1.00
2014.11.26 03:58:06.235,1.40461,1.40481,1.00,1.00
2014.11.26 03:58:06.337,1.40464,1.40486,1.00,1.19
2014.11.26 03:58:06.438,1.40464,1.40491,1.50,1.00
2014.11.26 03:58:06.489,1.40466,1.40491,1.00,1.00
2014.11.26 03:58:06.793,1.40471,1.40492,1.00,1.00
2014.11.26 03:58:07.458,1.4047,1.40491,1.50,1.00
2014.11.26 03:58:08.040,1.4047,1.40492,1.50,1.00
2014.11.26 03:58:08.192,1.4047,1.40494,1.50,1.00
2014.11.26 03:58:08.828,1.4047,1.40492,1.50,1.00
2014.11.26 03:58:09.402,1.40471,1.40492,1.00,1.00
2014.11.26 03:58:10.910,1.40471,1.40491,1.00,1.00
2014.11.26 03:58:11.922,1.40468,1.40493,1.00,1.00
2014.11.26 03:58:12.023,1.40468,1.40488,1.00,1.00
2014.11.26 03:58:12.638,1.40467,1.40488,1.00,1.00
2014.11.26 03:58:12.891,1.40468,1.40492,1.00,1.00
2014.11.26 03:58:13.408,1.40467,1.40493,1.00,1.00
2014.11.26 03:58:13.988,1.40467,1.40492,1.00,1.00
2014.11.26 03:58:16.680,1.40465,1.40492,3.00,1.00
2014.11.26 03:58:17.360,1.40466,1.40492,1.50,1.00
2014.11.26 03:58:20.590,1.40466,1.4049,1.50,1.00
2014.11.26 03:58:34.129,1.40466,1.40492,1.00,1.00
2014.11.26 03:58:34.230,1.40465,1.40483,1.00,1.00
2014.11.26 03:58:34.734,1.40464,1.40483,1.00,1.00
2014.11.26 03:58:44.408,1.40464,1.40485,1.00,1.00
2014.11.26 03:58:45.898,1.40464,1.40487,1.00,1.00
2014.11.26 03:58:47.110,1.40464,1.40488,1.00,1.00
2014.11.26 03:58:47.162,1.40466,1.40488,1.00,1.00
2014.11.26 03:58:56.350,1.40466,1.40489,1.00,1.00
2014.11.26 03:58:57.448,1.40466,1.40488,1.50,1.00
2014.11.26 03:59:01.642,1.40466,1.40489,1.50,1.00
2014.11.26 03:59:04.831,1.40466,1.40488,1.50,1.00
2014.11.26 03:59:05.589,1.40466,1.40487,1.50,1.00
2014.11.26 03:59:06.118,1.40465,1.40488,1.00,1.00
2014.11.26 03:59:06.421,1.40464,1.40486,1.50,1.00
2014.11.26 03:59:08.957,1.40466,1.40486,1.00,1.00
2014.11.26 03:59:09.260,1.40458,1.40478,1.19,1.00
2014.11.26 03:59:09.448,1.40458,1.4048,1.19,1.00
2014.11.26 03:59:09.634,1.40457,1.4048,1.00,1.00
2014.11.26 03:59:09.685,1.40457,1.40476,1.00,1.00
2014.11.26 03:59:10.195,1.40456,1.40477,1.00,1.00
2014.11.26 03:59:10.790,1.40456,1.40475,1.00,1.00
2014.11.26 03:59:12.926,1.40456,1.40473,1.00,1.00
2014.11.26 03:59:13.949,1.40454,1.40473,1.50,1.00
2014.11.26 03:59:14.150,1.40454,1.40475,1.50,1.00
2014.11.26 03:59:14.679,1.40454,1.40476,1.50,1.00
2014.11.26 03:59:23.066,1.40454,1.40477,2.25,1.00
2014.11.26 03:59:44.911,1.40454,1.40476,2.25,1.00
2014.11.26 03:59:45.518,1.40454,1.40477,2.25,1.00
2014.11.26 03:59:52.218,1.40454,1.40476,1.50,1.00
2014.11.26 03:59:55.962,1.40454,1.40477,1.50,1.00
