2010.10.07 09:00:00.655,1.4109,1.41125,1.70,1.00
2010.10.07 09:00:00.868,1.4109,1.41125,1.70,1.00
2010.10.07 09:00:01.699,1.4109,1.41125,1.70,1.00
2010.10.07 09:00:03.057,1.4109,1.41125,1.30,1.00
2010.10.07 09:00:04.660,1.4109,1.41125,1.30,1.00
2010.10.07 09:00:04.876,1.4109,1.41125,2.10,1.00
2010.10.07 09:00:05.602,1.411,1.41125,1.30,1.00
2010.10.07 09:00:05.827,1.411,1.41135,1.30,1.00
2010.10.07 09:00:06.553,1.411,1.41135,1.30,1.00
2010.10.07 09:00:07.448,1.411,1.41135,1.30,1.00
2010.10.07 09:00:07.792,1.411,1.41135,1.30,1.00
2010.10.07 09:00:08.616,1.411,1.41135,1.70,1.00
2010.10.07 09:00:09.199,1.411,1.41135,1.30,1.00
2010.10.07 09:00:09.508,1.411,1.41135,1.30,1.00
2010.10.07 09:00:10.342,1.41105,1.41135,1.00,1.00
2010.10.07 09:00:10.708,1.41105,1.41135,1.00,1.00
2010.10.07 09:00:11.057,1.41105,1.41135,1.00,1.00
2010.10.07 09:00:11.257,1.41105,1.41135,1.00,1.00
2010.10.07 09:00:13.789,1.41105,1.4113,1.00,1.00
2010.10.07 09:00:17.880,1.41105,1.4114,1.30,2.30
2010.10.07 09:00:18.148,1.4111,1.4114,1.30,1.00
2010.10.07 09:00:20.666,1.4111,1.41135,1.30,1.00
2010.10.07 09:00:22.051,1.4111,1.4113,1.30,1.00
2010.10.07 09:00:22.279,1.4111,1.41135,1.30,1.00
2010.10.07 09:00:22.739,1.4111,1.4113,1.30,1.00
2010.10.07 09:00:23.981,1.4111,1.4114,1.30,1.00
2010.10.07 09:00:29.208,1.4111,1.41145,1.30,1.00
2010.10.07 09:00:30.073,1.41115,1.4114,1.30,1.00
2010.10.07 09:00:30.422,1.4112,1.41145,1.00,1.00
2010.10.07 09:00:31.710,1.4112,1.4115,1.00,1.00
2010.10.07 09:00:31.880,1.4112,1.4115,1.00,1.00
2010.10.07 09:00:32.054,1.4112,1.41155,1.00,1.00
2010.10.07 09:00:32.235,1.4112,1.4115,1.30,1.00
2010.10.07 09:00:37.938,1.41125,1.4115,1.30,1.00
2010.10.07 09:00:40.590,1.41125,1.41145,1.30,1.00
2010.10.07 09:00:41.320,1.4112,1.41145,1.30,1.00
2010.10.07 09:00:41.630,1.4112,1.41145,1.00,1.00
2010.10.07 09:00:42.283,1.41115,1.41145,1.30,1.00
2010.10.07 09:00:42.603,1.4112,1.4115,1.00,1.00
2010.10.07 09:00:42.926,1.41115,1.4114,1.30,1.00
2010.10.07 09:00:49.970,1.41115,1.41125,1.30,6.00
2010.10.07 09:00:50.945,1.4109,1.41105,3.30,1.80
2010.10.07 09:00:51.138,1.411,1.4112,2.10,1.00
2010.10.07 09:00:52.024,1.411,1.41135,1.60,1.00
2010.10.07 09:00:53.172,1.4111,1.41145,2.10,2.10
2010.10.07 09:00:53.532,1.4111,1.41145,1.60,1.90
2010.10.07 09:00:54.415,1.4111,1.4114,1.60,1.00
2010.10.07 09:00:56.463,1.4111,1.4114,2.10,1.00
2010.10.07 09:00:57.323,1.4111,1.41145,2.10,1.00
2010.10.07 09:00:57.639,1.4111,1.41145,2.20,1.00
2010.10.07 09:00:57.957,1.4111,1.41145,2.10,1.00
2010.10.07 09:00:58.793,1.41115,1.4115,1.00,1.40
2010.10.07 09:00:59.144,1.41115,1.4115,1.50,1.00
2010.10.07 09:00:59.493,1.41115,1.4115,1.60,1.00
2010.10.07 09:01:00.252,1.4112,1.4115,1.60,1.00
2010.10.07 09:01:00.496,1.4112,1.41155,2.80,1.40
2010.10.07 09:01:00.806,1.4112,1.4115,1.30,1.00
2010.10.07 09:01:02.051,1.4112,1.41145,1.30,1.00
2010.10.07 09:01:03.457,1.4113,1.4116,1.00,2.20
2010.10.07 09:01:03.657,1.4113,1.41145,1.00,1.00
2010.10.07 09:01:03.850,1.41125,1.41155,1.30,1.00
2010.10.07 09:01:04.718,1.41125,1.41155,1.80,1.00
2010.10.07 09:01:05.072,1.41135,1.41165,1.00,1.00
2010.10.07 09:01:05.976,1.41135,1.41165,1.00,1.00
2010.10.07 09:01:07.301,1.41135,1.41165,1.00,1.00
2010.10.07 09:01:07.569,1.41135,1.41165,1.00,1.00
2010.10.07 09:01:09.577,1.4114,1.41175,3.00,1.00
2010.10.07 09:01:10.434,1.4115,1.41175,1.00,1.00
2010.10.07 09:01:10.629,1.4115,1.41175,1.00,1.00
2010.10.07 09:01:12.218,1.41155,1.41175,1.00,1.00
2010.10.07 09:01:12.774,1.4115,1.41175,1.30,1.00
2010.10.07 09:01:13.048,1.4115,1.41175,1.00,1.00
2010.10.07 09:01:13.323,1.41145,1.41175,1.30,1.00
2010.10.07 09:01:20.601,1.41145,1.4118,3.50,1.00
2010.10.07 09:01:20.748,1.41145,1.4118,1.90,1.00
2010.10.07 09:01:21.048,1.41145,1.4118,1.90,1.00
2010.10.07 09:01:21.488,1.41145,1.41185,1.90,2.80
2010.10.07 09:01:22.481,1.41145,1.4118,1.90,1.00
2010.10.07 09:01:22.739,1.41145,1.4118,2.70,1.00
2010.10.07 09:01:22.998,1.4115,1.4118,1.00,1.00
2010.10.07 09:01:23.917,1.4116,1.4119,1.00,1.00
2010.10.07 09:01:24.185,1.4116,1.41195,2.10,1.00
2010.10.07 09:01:24.952,1.41165,1.41195,1.00,1.00
2010.10.07 09:01:25.293,1.41165,1.41195,1.00,1.00
2010.10.07 09:01:25.629,1.4116,1.41195,2.10,1.00
2010.10.07 09:01:25.971,1.4116,1.41195,1.30,1.00
2010.10.07 09:01:26.237,1.4116,1.4119,1.30,1.00
2010.10.07 09:01:28.101,1.41165,1.4119,1.00,1.00
2010.10.07 09:01:28.438,1.41165,1.41195,1.00,1.00
2010.10.07 09:01:28.782,1.41165,1.41195,1.00,1.00
2010.10.07 09:01:29.141,1.41155,1.4119,2.70,1.00
2010.10.07 09:01:29.965,1.4116,1.41195,1.00,1.00
2010.10.07 09:01:30.258,1.4116,1.41195,1.00,1.00
2010.10.07 09:01:31.134,1.41155,1.41185,1.00,1.60
2010.10.07 09:01:31.474,1.41145,1.4118,1.10,1.00
2010.10.07 09:01:32.212,1.4114,1.41175,3.00,1.00
2010.10.07 09:01:32.551,1.41145,1.4118,1.90,1.00
2010.10.07 09:01:34.266,1.4114,1.41175,1.30,1.00
2010.10.07 09:01:35.284,1.41135,1.41175,1.90,1.50
2010.10.07 09:01:35.616,1.41135,1.4117,1.10,1.00
2010.10.07 09:01:35.940,1.41135,1.4117,1.10,1.40
2010.10.07 09:01:36.884,1.41135,1.4117,1.90,1.00
2010.10.07 09:01:37.159,1.41135,1.4117,3.50,1.00
2010.10.07 09:01:37.431,1.4114,1.4117,1.00,1.00
2010.10.07 09:01:38.329,1.4114,1.4117,1.30,1.00
2010.10.07 09:01:38.627,1.4114,1.41175,1.30,1.00
2010.10.07 09:01:39.764,1.4114,1.4117,1.30,1.00
2010.10.07 09:01:41.242,1.4114,1.4117,2.10,1.00
2010.10.07 09:01:41.518,1.41145,1.4117,1.30,1.00
2010.10.07 09:01:47.827,1.41145,1.41175,1.30,1.00
2010.10.07 09:01:48.040,1.41145,1.4118,2.70,1.00
2010.10.07 09:01:48.613,1.4115,1.4118,1.00,1.00
2010.10.07 09:01:48.853,1.4115,1.4118,1.30,1.00
2010.10.07 09:01:52.189,1.4115,1.4117,1.30,1.00
2010.10.07 09:01:52.607,1.4115,1.4118,1.30,1.00
2010.10.07 09:01:53.244,1.41155,1.4118,1.30,1.00
2010.10.07 09:01:55.648,1.4115,1.4117,1.30,1.00
2010.10.07 09:01:55.778,1.4115,1.41175,1.30,1.00
2010.10.07 09:01:55.888,1.4115,1.4118,1.30,1.00
2010.10.07 09:01:56.632,1.41155,1.41185,1.30,1.00
2010.10.07 09:01:56.743,1.4117,1.41195,1.00,1.00
2010.10.07 09:01:57.579,1.4117,1.41195,1.30,1.00
2010.10.07 09:01:57.932,1.4117,1.412,1.30,1.00
2010.10.07 09:01:58.783,1.41165,1.412,1.90,1.00
2010.10.07 09:01:59.135,1.41165,1.412,1.10,1.00
2010.10.07 09:02:00.279,1.41165,1.412,1.90,1.00
2010.10.07 09:02:00.716,1.41175,1.412,1.00,1.00
2010.10.07 09:02:00.934,1.41165,1.41195,1.30,1.00
2010.10.07 09:02:01.143,1.41165,1.4119,1.30,1.00
2010.10.07 09:02:01.985,1.41165,1.412,1.30,1.00
2010.10.07 09:02:04.714,1.41165,1.412,1.30,1.00
2010.10.07 09:02:05.073,1.41165,1.412,1.30,2.00
2010.10.07 09:02:06.426,1.41165,1.41195,1.30,1.00
2010.10.07 09:02:06.606,1.41165,1.4119,1.00,1.80
2010.10.07 09:02:06.784,1.4116,1.41195,1.00,1.00
2010.10.07 09:02:07.791,1.4116,1.41195,1.30,1.00
2010.10.07 09:02:08.135,1.41155,1.41175,1.90,1.00
2010.10.07 09:02:08.483,1.4115,1.41175,1.60,1.00
2010.10.07 09:02:09.291,1.4115,1.41175,1.60,2.20
2010.10.07 09:02:09.552,1.41135,1.41175,1.00,3.80
2010.10.07 09:02:09.769,1.41135,1.41175,1.00,3.80
2010.10.07 09:02:12.738,1.41135,1.41175,1.00,3.60
2010.10.07 09:02:13.332,1.41135,1.41175,1.00,3.60
2010.10.07 09:02:13.416,1.4113,1.4117,5.80,1.00
2010.10.07 09:02:13.500,1.4113,1.41175,3.50,3.90
2010.10.07 09:02:14.228,1.4113,1.4117,3.60,1.20
2010.10.07 09:02:14.912,1.41135,1.4117,1.00,1.20
2010.10.07 09:02:15.255,1.41135,1.4117,1.90,1.00
2010.10.07 09:02:16.123,1.41135,1.41175,1.30,2.00
2010.10.07 09:02:16.469,1.41135,1.41175,1.90,2.00
2010.10.07 09:02:17.285,1.41135,1.4116,1.00,1.60
2010.10.07 09:02:17.577,1.41135,1.4117,1.10,1.20
2010.10.07 09:02:17.719,1.41135,1.4117,1.00,1.00
2010.10.07 09:02:18.784,1.41135,1.4117,1.00,1.20
2010.10.07 09:02:19.521,1.4113,1.4117,1.30,1.30
2010.10.07 09:02:20.181,1.4113,1.4117,2.70,2.00
2010.10.07 09:02:21.318,1.4113,1.4117,2.70,2.10
2010.10.07 09:02:22.139,1.41125,1.41165,1.90,1.60
2010.10.07 09:02:22.647,1.41125,1.41165,1.90,2.00
2010.10.07 09:02:24.853,1.41125,1.41165,3.50,2.00
2010.10.07 09:02:25.539,1.41125,1.41165,3.60,2.00
2010.10.07 09:02:26.373,1.41125,1.41165,3.50,2.00
2010.10.07 09:02:26.668,1.41125,1.41165,1.90,2.00
2010.10.07 09:02:26.973,1.4115,1.4117,1.60,1.00
2010.10.07 09:02:27.275,1.41145,1.41175,1.00,3.40
2010.10.07 09:02:28.087,1.41145,1.4118,1.00,3.50
2010.10.07 09:02:28.339,1.4113,1.4117,3.10,1.00
2010.10.07 09:02:28.717,1.4113,1.4117,3.10,1.20
2010.10.07 09:02:30.867,1.4113,1.4117,3.00,1.20
2010.10.07 09:02:31.717,1.4113,1.4117,3.10,1.20
2010.10.07 09:02:32.812,1.4113,1.4117,3.00,1.20
2010.10.07 09:02:33.297,1.4113,1.4117,1.50,1.20
2010.10.07 09:02:36.155,1.4113,1.41165,1.00,1.60
2010.10.07 09:02:36.339,1.41125,1.41165,1.00,2.00
2010.10.07 09:02:37.038,1.41125,1.41165,1.00,2.00
2010.10.07 09:02:37.841,1.41125,1.41165,1.00,2.00
2010.10.07 09:02:38.113,1.41125,1.4116,1.00,1.00
2010.10.07 09:02:38.380,1.4112,1.4116,1.40,1.60
2010.10.07 09:02:38.928,1.4112,1.4116,1.30,1.60
2010.10.07 09:02:39.233,1.41115,1.41155,1.70,1.60
2010.10.07 09:02:40.353,1.41115,1.41155,3.30,2.00
2010.10.07 09:02:40.610,1.41115,1.41155,3.80,2.00
2010.10.07 09:02:41.108,1.4112,1.41155,1.00,2.00
2010.10.07 09:02:42.011,1.41125,1.4116,1.00,2.00
2010.10.07 09:02:43.128,1.4112,1.4116,3.30,2.00
2010.10.07 09:02:43.377,1.4112,1.4116,3.10,2.00
2010.10.07 09:02:46.298,1.4112,1.4116,3.00,2.00
2010.10.07 09:02:47.914,1.41125,1.4116,1.00,2.00
2010.10.07 09:02:48.098,1.4112,1.4116,3.00,2.00
2010.10.07 09:02:48.645,1.41125,1.4116,1.00,2.00
2010.10.07 09:02:51.708,1.4113,1.4116,1.00,2.00
2010.10.07 09:02:51.798,1.4113,1.4116,1.00,2.00
2010.10.07 09:02:52.477,1.4114,1.4116,1.60,2.00
2010.10.07 09:02:52.626,1.41125,1.4116,1.00,1.00
2010.10.07 09:02:52.770,1.4112,1.4116,3.50,1.00
2010.10.07 09:02:52.908,1.4112,1.4116,3.10,1.00
2010.10.07 09:02:54.443,1.4112,1.4116,3.40,1.60
2010.10.07 09:02:54.595,1.4112,1.4116,1.00,1.70
2010.10.07 09:02:54.723,1.41115,1.4116,3.50,1.60
2010.10.07 09:02:55.591,1.41115,1.41155,1.30,2.00
2010.10.07 09:02:55.921,1.41115,1.41155,1.10,3.60
2010.10.07 09:02:56.251,1.41115,1.4115,1.00,1.60
2010.10.07 09:02:57.425,1.41115,1.4115,1.00,1.60
2010.10.07 09:02:57.490,1.4111,1.4115,3.10,1.60
2010.10.07 09:02:57.668,1.4111,1.4115,3.20,1.60
2010.10.07 09:02:58.731,1.4111,1.4115,3.10,1.60
2010.10.07 09:02:59.408,1.4111,1.4115,3.20,1.60
2010.10.07 09:02:59.809,1.4111,1.4115,3.00,1.60
2010.10.07 09:03:00.448,1.4111,1.4115,3.20,1.60
2010.10.07 09:03:00.652,1.4111,1.4115,3.00,1.60
2010.10.07 09:03:01.916,1.41115,1.4115,1.00,1.60
2010.10.07 09:03:02.163,1.41115,1.4115,1.00,1.60
2010.10.07 09:03:02.408,1.41115,1.4115,1.00,2.00
2010.10.07 09:03:03.759,1.41115,1.41155,1.10,2.00
2010.10.07 09:03:04.108,1.4112,1.4115,1.00,1.00
2010.10.07 09:03:04.263,1.4111,1.41145,1.60,1.60
2010.10.07 09:03:05.080,1.4112,1.41145,1.00,1.60
2010.10.07 09:03:05.419,1.4112,1.4115,1.00,1.60
2010.10.07 09:03:16.958,1.4112,1.41155,1.00,2.00
2010.10.07 09:03:17.279,1.41125,1.41155,1.00,2.00
2010.10.07 09:03:17.437,1.41125,1.41155,1.00,1.60
2010.10.07 09:03:18.281,1.4113,1.41165,1.00,2.00
2010.10.07 09:03:19.712,1.4113,1.41165,1.30,2.00
2010.10.07 09:03:19.949,1.4113,1.4116,1.30,3.40
2010.10.07 09:03:20.654,1.4114,1.4116,1.00,1.80
2010.10.07 09:03:21.011,1.4112,1.41155,1.00,1.60
2010.10.07 09:03:21.348,1.41115,1.41155,1.90,1.60
2010.10.07 09:03:22.174,1.4112,1.41155,1.00,1.00
2010.10.07 09:03:24.018,1.4112,1.4115,1.00,1.00
2010.10.07 09:03:24.223,1.4112,1.4115,1.00,1.00
2010.10.07 09:03:24.428,1.41115,1.4115,1.00,1.00
2010.10.07 09:03:24.829,1.41115,1.4115,1.00,2.30
2010.10.07 09:03:25.897,1.41115,1.4114,1.00,2.30
2010.10.07 09:03:26.224,1.4111,1.4114,1.00,3.10
2010.10.07 09:03:27.740,1.4111,1.4114,1.00,1.00
2010.10.07 09:03:27.998,1.4111,1.4114,1.00,3.10
2010.10.07 09:03:28.725,1.41105,1.4114,3.10,3.10
2010.10.07 09:03:29.009,1.4111,1.4114,1.00,3.10
2010.10.07 09:03:32.324,1.4111,1.41135,1.00,1.00
2010.10.07 09:03:33.079,1.4109,1.4113,1.70,1.60
2010.10.07 09:03:33.271,1.41095,1.41125,1.00,3.20
2010.10.07 09:03:33.835,1.41095,1.41125,1.00,3.40
2010.10.07 09:03:34.047,1.4108,1.41115,1.70,1.00
2010.10.07 09:03:34.392,1.41085,1.41115,1.00,1.80
2010.10.07 09:03:35.224,1.4108,1.41115,1.00,1.80
2010.10.07 09:03:35.732,1.4108,1.4111,1.00,2.10
2010.10.07 09:03:36.642,1.41075,1.41105,1.00,1.00
2010.10.07 09:03:38.489,1.4107,1.41095,1.00,1.00
2010.10.07 09:03:40.700,1.41075,1.41095,1.00,1.00
2010.10.07 09:03:40.956,1.4108,1.41105,1.00,1.00
2010.10.07 09:03:42.102,1.41075,1.41105,1.00,2.30
2010.10.07 09:03:43.690,1.41075,1.41105,1.00,2.50
2010.10.07 09:03:44.066,1.41075,1.41095,1.00,1.00
2010.10.07 09:03:44.824,1.41065,1.41105,1.70,4.00
2010.10.07 09:03:45.133,1.4107,1.41105,1.00,2.30
2010.10.07 09:03:45.806,1.4107,1.41105,1.70,1.00
2010.10.07 09:03:46.158,1.41075,1.41105,1.70,1.00
2010.10.07 09:03:46.501,1.4108,1.41105,1.00,1.00
2010.10.07 09:03:47.385,1.4108,1.41095,1.00,1.00
2010.10.07 09:03:48.602,1.4107,1.41095,1.70,1.00
2010.10.07 09:03:48.909,1.4107,1.41105,1.70,1.00
2010.10.07 09:03:49.793,1.41075,1.41105,1.00,1.00
2010.10.07 09:03:50.122,1.41075,1.41105,1.00,1.00
2010.10.07 09:03:50.455,1.4108,1.41105,1.00,1.00
2010.10.07 09:03:51.344,1.41095,1.4112,1.00,1.00
2010.10.07 09:03:51.696,1.41095,1.41135,1.00,1.00
2010.10.07 09:03:52.443,1.411,1.4114,1.00,1.90
2010.10.07 09:03:52.685,1.411,1.4114,1.70,1.80
2010.10.07 09:03:53.289,1.41105,1.4114,1.00,1.00
2010.10.07 09:03:54.116,1.41105,1.41135,1.00,1.00
2010.10.07 09:03:55.829,1.41105,1.4113,1.00,1.00
2010.10.07 09:03:57.779,1.411,1.4113,1.70,1.00
2010.10.07 09:03:58.878,1.411,1.41135,1.70,1.60
2010.10.07 09:03:59.664,1.411,1.4113,1.70,1.00
2010.10.07 09:04:03.312,1.41105,1.4114,1.00,1.70
2010.10.07 09:04:03.659,1.41105,1.4114,1.00,1.70
2010.10.07 09:04:03.843,1.41105,1.41135,1.00,1.00
2010.10.07 09:04:04.554,1.41105,1.41135,1.00,1.00
2010.10.07 09:04:04.854,1.411,1.41135,1.70,2.40
2010.10.07 09:04:05.452,1.41105,1.4114,1.00,3.40
2010.10.07 09:04:06.438,1.41105,1.4114,1.00,1.00
2010.10.07 09:04:06.998,1.41105,1.41145,1.00,3.50
2010.10.07 09:04:08.499,1.41105,1.4114,1.00,1.00
2010.10.07 09:04:08.937,1.41105,1.4114,1.00,1.00
2010.10.07 09:04:10.042,1.4111,1.41145,1.00,1.90
2010.10.07 09:04:10.369,1.4111,1.41145,1.00,1.80
2010.10.07 09:04:11.206,1.4111,1.4114,1.00,1.60
2010.10.07 09:04:13.808,1.41115,1.41145,1.00,1.00
2010.10.07 09:04:13.888,1.41115,1.41145,2.10,1.00
2010.10.07 09:04:14.039,1.41115,1.41145,1.60,1.00
2010.10.07 09:04:14.118,1.4111,1.41145,1.70,2.30
2010.10.07 09:04:14.270,1.41115,1.41145,1.00,1.00
2010.10.07 09:04:15.147,1.4111,1.41145,1.70,1.90
2010.10.07 09:04:16.809,1.4111,1.41145,1.00,2.70
2010.10.07 09:04:17.041,1.4111,1.41145,1.00,2.60
2010.10.07 09:04:17.718,1.4111,1.41145,1.00,2.70
2010.10.07 09:04:18.470,1.4111,1.4114,1.00,1.00
2010.10.07 09:04:19.298,1.4111,1.4114,1.00,1.00
2010.10.07 09:04:20.171,1.41105,1.41135,1.70,1.00
2010.10.07 09:04:21.602,1.41105,1.4114,1.70,1.00
2010.10.07 09:04:21.865,1.4111,1.41145,1.30,1.60
2010.10.07 09:04:22.118,1.4111,1.41145,1.30,1.80
2010.10.07 09:04:22.379,1.4111,1.41145,1.30,1.00
2010.10.07 09:04:23.102,1.4111,1.41145,1.70,1.00
2010.10.07 09:04:23.673,1.4111,1.41135,1.70,1.00
2010.10.07 09:04:24.413,1.4111,1.41135,1.30,1.00
2010.10.07 09:04:24.695,1.411,1.41135,1.00,1.00
2010.10.07 09:04:26.451,1.41105,1.4114,1.00,1.00
2010.10.07 09:04:26.780,1.41105,1.4114,1.00,2.40
2010.10.07 09:04:27.309,1.41105,1.4114,1.00,2.40
2010.10.07 09:04:27.989,1.4111,1.41145,1.00,3.50
2010.10.07 09:04:28.330,1.4111,1.41145,1.00,2.70
2010.10.07 09:04:28.503,1.4111,1.41145,1.00,1.60
2010.10.07 09:04:29.265,1.41115,1.4115,1.00,2.50
2010.10.07 09:04:29.486,1.41115,1.4115,1.00,2.40
2010.10.07 09:04:30.929,1.41115,1.4115,1.00,1.60
2010.10.07 09:04:31.865,1.4112,1.4115,1.30,1.80
2010.10.07 09:04:32.153,1.41115,1.4115,1.70,1.80
2010.10.07 09:04:33.243,1.41115,1.41145,1.70,1.00
2010.10.07 09:04:34.099,1.41115,1.41145,1.00,1.00
2010.10.07 09:04:35.024,1.41115,1.41145,1.00,1.00
2010.10.07 09:04:35.529,1.41115,1.41145,1.00,1.00
2010.10.07 09:04:36.362,1.41115,1.41145,1.00,1.00
2010.10.07 09:04:36.596,1.4111,1.41145,1.00,2.60
2010.10.07 09:04:37.179,1.4111,1.41145,1.00,3.40
2010.10.07 09:04:37.520,1.41105,1.41145,1.70,3.20
2010.10.07 09:04:38.719,1.41105,1.41145,1.70,3.40
2010.10.07 09:04:39.054,1.41105,1.4114,1.00,3.20
2010.10.07 09:04:39.988,1.41105,1.4114,1.00,1.60
2010.10.07 09:04:43.567,1.41105,1.4114,1.00,3.20
2010.10.07 09:04:44.048,1.411,1.4114,1.70,3.30
2010.10.07 09:04:44.801,1.411,1.4114,1.70,3.20
2010.10.07 09:04:48.059,1.41105,1.4114,1.00,2.40
2010.10.07 09:04:48.222,1.41105,1.4114,1.00,3.30
2010.10.07 09:04:48.548,1.41105,1.4114,1.00,3.20
2010.10.07 09:04:48.717,1.411,1.4114,1.70,3.20
2010.10.07 09:04:49.987,1.411,1.4112,1.00,1.00
2010.10.07 09:04:50.329,1.4109,1.4112,1.00,1.00
2010.10.07 09:04:50.882,1.41085,1.4112,2.80,1.00
2010.10.07 09:04:51.221,1.4109,1.4112,1.00,1.00
2010.10.07 09:04:54.828,1.4109,1.4112,1.00,1.00
2010.10.07 09:04:55.082,1.41095,1.41135,1.30,3.80
2010.10.07 09:04:55.855,1.411,1.4113,1.30,1.00
2010.10.07 09:04:56.209,1.411,1.4113,1.70,1.00
2010.10.07 09:05:02.955,1.4111,1.4114,1.00,2.10
2010.10.07 09:05:03.272,1.41115,1.41145,1.30,1.00
2010.10.07 09:05:04.288,1.41115,1.4115,1.30,2.30
2010.10.07 09:05:06.749,1.41115,1.4114,1.30,1.00
2010.10.07 09:05:07.306,1.41115,1.4114,1.00,1.00
2010.10.07 09:05:07.556,1.4111,1.4114,1.00,2.30
2010.10.07 09:05:07.799,1.4111,1.4114,1.00,2.30
2010.10.07 09:05:08.682,1.41105,1.4114,1.30,2.30
2010.10.07 09:05:09.034,1.4111,1.41145,1.00,2.90
2010.10.07 09:05:09.384,1.4111,1.41145,1.90,1.60
2010.10.07 09:05:10.297,1.41115,1.4115,1.70,4.00
2010.10.07 09:05:10.637,1.41115,1.4115,1.30,4.00
2010.10.07 09:05:11.647,1.41115,1.4115,1.70,4.00
2010.10.07 09:05:12.360,1.41115,1.4115,1.30,3.70
2010.10.07 09:05:12.532,1.41115,1.4115,1.40,2.10
2010.10.07 09:05:12.716,1.4112,1.41155,1.90,1.60
2010.10.07 09:05:12.889,1.41125,1.41155,1.00,1.60
2010.10.07 09:05:14.388,1.41125,1.4116,1.70,4.10
2010.10.07 09:05:16.287,1.41125,1.4116,1.70,4.00
2010.10.07 09:05:16.440,1.4112,1.4116,1.70,4.90
2010.10.07 09:05:16.588,1.4112,1.4116,2.30,4.90
2010.10.07 09:05:16.886,1.41125,1.4116,1.30,4.10
2010.10.07 09:05:17.187,1.41125,1.4116,1.70,4.10
2010.10.07 09:05:17.337,1.41125,1.4116,1.70,4.00
2010.10.07 09:05:18.073,1.41125,1.4116,1.20,4.80
2010.10.07 09:05:18.319,1.4112,1.4116,1.70,5.70
2010.10.07 09:05:18.541,1.4112,1.4116,1.70,5.60
2010.10.07 09:05:19.270,1.4112,1.41155,1.00,1.00
2010.10.07 09:05:19.503,1.4112,1.41155,1.00,2.40
2010.10.07 09:05:20.379,1.4112,1.41155,1.00,2.40
2010.10.07 09:05:21.656,1.4112,1.41155,1.00,2.40
2010.10.07 09:05:22.676,1.4112,1.41155,1.30,2.40
2010.10.07 09:05:22.757,1.4112,1.41155,1.50,2.40
2010.10.07 09:05:23.324,1.41125,1.41155,1.60,1.00
2010.10.07 09:05:23.433,1.4113,1.4116,1.00,1.60
2010.10.07 09:05:24.627,1.4113,1.41165,1.00,3.30
2010.10.07 09:05:26.335,1.4112,1.4116,1.90,1.60
2010.10.07 09:05:26.630,1.4112,1.4116,1.80,1.60
2010.10.07 09:05:26.928,1.4112,1.4116,1.80,1.60
2010.10.07 09:05:27.487,1.4112,1.4116,1.80,3.20
2010.10.07 09:05:27.794,1.41125,1.4116,1.70,1.00
2010.10.07 09:05:28.697,1.41125,1.4116,1.70,1.00
2010.10.07 09:05:29.868,1.41125,1.4116,1.70,1.00
2010.10.07 09:05:30.107,1.41125,1.4116,1.70,2.30
2010.10.07 09:05:30.834,1.41125,1.4116,1.70,2.20
2010.10.07 09:05:31.183,1.41125,1.4116,1.70,2.30
2010.10.07 09:05:31.530,1.41125,1.4116,1.00,5.50
2010.10.07 09:05:31.869,1.4112,1.4116,1.70,5.60
2010.10.07 09:05:32.762,1.4112,1.4116,1.70,5.70
2010.10.07 09:05:33.550,1.4112,1.4116,1.70,5.60
2010.10.07 09:05:34.008,1.4112,1.4116,1.70,5.70
2010.10.07 09:05:36.007,1.4112,1.4116,1.70,4.90
2010.10.07 09:05:36.607,1.4112,1.4116,2.50,3.30
2010.10.07 09:05:36.754,1.4112,1.4116,2.70,1.60
2010.10.07 09:05:36.888,1.41125,1.41165,1.80,3.80
2010.10.07 09:05:37.028,1.4113,1.4116,1.00,1.00
2010.10.07 09:05:38.478,1.4113,1.4116,1.00,2.40
2010.10.07 09:05:39.298,1.41125,1.4116,1.00,3.20
2010.10.07 09:05:39.548,1.41125,1.4116,1.00,3.20
2010.10.07 09:05:39.677,1.4112,1.4116,1.70,1.60
2010.10.07 09:05:40.647,1.4112,1.41155,1.00,3.70
2010.10.07 09:05:40.993,1.41115,1.4115,1.70,1.00
2010.10.07 09:05:41.878,1.41115,1.4115,1.00,1.00
2010.10.07 09:05:42.200,1.4111,1.4115,1.70,1.00
2010.10.07 09:05:43.717,1.41115,1.41155,1.30,3.30
2010.10.07 09:05:43.911,1.41115,1.41155,1.30,3.20
2010.10.07 09:05:44.099,1.41115,1.41155,1.70,3.20
2010.10.07 09:05:45.687,1.41115,1.41155,1.70,1.60
2010.10.07 09:05:46.815,1.4112,1.4116,1.00,3.30
2010.10.07 09:05:47.608,1.4112,1.4116,1.00,3.30
2010.10.07 09:05:48.777,1.4112,1.4116,1.00,3.20
2010.10.07 09:05:50.976,1.4112,1.4116,1.00,4.80
2010.10.07 09:05:51.889,1.4112,1.4116,1.00,4.90
2010.10.07 09:05:52.160,1.4112,1.4116,1.00,3.30
2010.10.07 09:05:52.697,1.4112,1.4116,1.00,3.20
2010.10.07 09:05:55.327,1.4112,1.41155,1.00,1.00
2010.10.07 09:05:55.637,1.4112,1.41155,1.00,1.60
2010.10.07 09:05:56.242,1.41115,1.41155,2.20,1.60
2010.10.07 09:05:57.379,1.41115,1.41155,2.10,1.60
2010.10.07 09:05:57.699,1.41115,1.41155,1.90,1.60
2010.10.07 09:05:58.366,1.41115,1.41155,1.70,1.80
2010.10.07 09:05:58.643,1.4111,1.4115,1.70,1.70
2010.10.07 09:06:04.997,1.41115,1.4115,1.00,1.60
2010.10.07 09:06:05.150,1.41115,1.4115,1.30,1.00
2010.10.07 09:06:05.925,1.41115,1.41155,2.10,1.00
2010.10.07 09:06:06.222,1.41115,1.41155,1.90,2.90
2010.10.07 09:06:06.551,1.41115,1.41155,1.10,3.80
2010.10.07 09:06:07.403,1.41115,1.41155,2.10,2.40
2010.10.07 09:06:07.887,1.41115,1.41155,2.10,1.00
2010.10.07 09:06:08.920,1.41115,1.41155,1.90,1.00
2010.10.07 09:06:10.353,1.4112,1.4116,1.30,3.20
2010.10.07 09:06:10.690,1.4112,1.4116,1.70,3.20
2010.10.07 09:06:12.083,1.4112,1.4116,1.70,3.30
2010.10.07 09:06:12.849,1.4112,1.4116,1.70,1.70
2010.10.07 09:06:13.405,1.41125,1.4116,1.00,1.00
2010.10.07 09:06:13.672,1.41125,1.41165,1.00,3.50
2010.10.07 09:06:15.249,1.41125,1.4116,1.00,1.00
2010.10.07 09:06:15.605,1.4112,1.41155,1.00,1.00
2010.10.07 09:06:15.869,1.4112,1.41155,1.00,2.50
2010.10.07 09:06:16.586,1.41115,1.41155,1.70,2.50
2010.10.07 09:06:17.541,1.4112,1.41155,1.00,2.40
2010.10.07 09:06:18.858,1.4112,1.41155,1.00,2.60
2010.10.07 09:06:19.908,1.4112,1.41155,1.00,2.40
2010.10.07 09:06:29.890,1.4112,1.4114,1.00,1.00
2010.10.07 09:06:29.939,1.4112,1.4114,1.00,1.00
2010.10.07 09:06:30.038,1.4112,1.4114,1.00,1.00
2010.10.07 09:06:30.679,1.4111,1.41135,1.00,1.00
2010.10.07 09:06:31.026,1.411,1.41135,1.00,1.10
2010.10.07 09:06:31.372,1.411,1.41135,1.00,2.70
2010.10.07 09:06:32.253,1.411,1.41135,1.00,2.50
2010.10.07 09:06:33.458,1.411,1.41125,1.00,1.00
2010.10.07 09:06:34.185,1.411,1.41125,1.00,1.00
2010.10.07 09:06:34.382,1.4109,1.4113,1.00,1.60
2010.10.07 09:06:34.670,1.4109,1.4113,1.00,1.60
2010.10.07 09:06:36.307,1.4109,1.41125,1.00,3.70
2010.10.07 09:06:36.509,1.41085,1.41125,1.00,3.70
2010.10.07 09:06:36.608,1.41085,1.4112,1.00,1.00
2010.10.07 09:06:36.710,1.4109,1.4112,2.10,1.60
2010.10.07 09:06:37.590,1.4108,1.41115,1.00,1.60
2010.10.07 09:06:39.157,1.4108,1.41115,1.70,1.00
2010.10.07 09:06:39.451,1.4108,1.4112,2.30,2.10
2010.10.07 09:06:39.660,1.41085,1.4112,1.00,2.30
2010.10.07 09:06:40.438,1.41085,1.4112,1.00,1.40
2010.10.07 09:06:40.682,1.41085,1.4112,1.00,2.20
2010.10.07 09:06:40.920,1.4108,1.4112,1.00,2.20
2010.10.07 09:06:41.159,1.4108,1.4112,1.00,2.30
2010.10.07 09:06:42.002,1.4108,1.4112,1.00,3.80
2010.10.07 09:06:42.858,1.4108,1.4112,1.00,3.90
2010.10.07 09:06:44.063,1.4108,1.41115,1.00,1.00
2010.10.07 09:06:45.581,1.4108,1.4112,1.00,3.90
2010.10.07 09:06:45.891,1.41095,1.4112,2.10,1.60
2010.10.07 09:06:46.204,1.4109,1.4112,1.00,2.10
2010.10.07 09:06:46.973,1.4108,1.41115,1.00,3.20
2010.10.07 09:06:47.201,1.4108,1.41115,1.00,4.60
2010.10.07 09:06:47.995,1.41075,1.4111,1.00,1.80
2010.10.07 09:06:48.677,1.41075,1.4111,1.00,3.40
2010.10.07 09:06:49.020,1.4107,1.4111,1.70,3.40
2010.10.07 09:06:49.927,1.4107,1.4111,1.70,1.80
2010.10.07 09:06:50.476,1.41075,1.41115,1.00,3.30
2010.10.07 09:06:51.344,1.41075,1.4111,1.00,1.00
2010.10.07 09:06:51.888,1.41075,1.4111,1.00,1.00
2010.10.07 09:06:52.730,1.4108,1.41115,1.00,1.60
2010.10.07 09:06:52.958,1.4108,1.41115,1.00,1.60
2010.10.07 09:06:54.423,1.4108,1.41115,1.00,1.60
2010.10.07 09:06:54.729,1.4108,1.41115,1.00,1.60
2010.10.07 09:06:55.017,1.4108,1.41115,1.00,1.60
2010.10.07 09:06:55.971,1.4108,1.41115,1.00,1.60
2010.10.07 09:06:56.121,1.41075,1.41115,1.00,3.20
2010.10.07 09:06:56.255,1.41075,1.41115,1.00,1.60
2010.10.07 09:06:57.400,1.41075,1.41115,1.00,1.70
2010.10.07 09:06:57.739,1.41075,1.41115,1.00,3.30
2010.10.07 09:06:58.496,1.41075,1.41115,1.00,4.30
2010.10.07 09:07:00.227,1.4108,1.41115,1.00,1.70
2010.10.07 09:07:00.692,1.4108,1.41115,1.00,1.60
2010.10.07 09:07:00.893,1.41075,1.41115,1.70,1.00
2010.10.07 09:07:01.670,1.4108,1.41115,1.00,1.00
2010.10.07 09:07:01.872,1.4108,1.41115,1.00,1.00
2010.10.07 09:07:03.875,1.4108,1.41115,1.00,1.00
2010.10.07 09:07:04.168,1.4108,1.41115,1.00,1.00
2010.10.07 09:07:05.380,1.4108,1.41115,1.00,1.10
2010.10.07 09:07:05.637,1.4108,1.41115,1.00,2.70
2010.10.07 09:07:06.488,1.4108,1.4111,1.00,1.00
2010.10.07 09:07:06.781,1.4108,1.411,1.00,1.00
2010.10.07 09:07:07.592,1.41075,1.41115,1.00,3.20
2010.10.07 09:07:07.937,1.4108,1.4112,1.90,4.60
2010.10.07 09:07:08.724,1.4108,1.4112,1.70,4.60
2010.10.07 09:07:09.082,1.41085,1.4112,1.00,3.00
2010.10.07 09:07:09.433,1.41085,1.4112,1.00,3.10
2010.10.07 09:07:09.783,1.4109,1.4112,1.00,1.60
2010.10.07 09:07:10.664,1.4109,1.41125,1.00,2.40
2010.10.07 09:07:11.003,1.4109,1.41125,1.90,1.60
2010.10.07 09:07:11.308,1.41095,1.4113,1.00,1.60
2010.10.07 09:07:12.152,1.41095,1.4113,1.00,1.60
2010.10.07 09:07:14.737,1.41095,1.4113,1.00,1.60
2010.10.07 09:07:17.569,1.41095,1.4113,1.00,1.60
2010.10.07 09:07:17.797,1.41095,1.4113,1.00,1.60
2010.10.07 09:07:18.029,1.4109,1.4113,1.70,4.80
2010.10.07 09:07:19.280,1.41095,1.4113,1.00,4.80
2010.10.07 09:07:19.520,1.4109,1.4113,1.70,4.80
2010.10.07 09:07:20.358,1.411,1.41135,1.10,1.00
2010.10.07 09:07:25.833,1.411,1.4114,1.90,1.60
2010.10.07 09:07:25.970,1.411,1.4114,1.90,2.10
2010.10.07 09:07:26.359,1.411,1.4114,2.30,2.10
2010.10.07 09:07:27.151,1.411,1.4114,2.30,3.70
2010.10.07 09:07:27.379,1.411,1.41135,1.10,2.40
2010.10.07 09:07:27.600,1.41095,1.4113,1.00,1.60
2010.10.07 09:07:29.032,1.4109,1.4113,2.00,1.60
2010.10.07 09:07:29.810,1.4109,1.4113,1.90,1.60
2010.10.07 09:07:30.510,1.4109,1.4113,2.00,1.60
2010.10.07 09:07:32.741,1.411,1.4114,2.10,2.00
2010.10.07 09:07:32.872,1.411,1.4114,1.90,1.60
2010.10.07 09:07:33.708,1.411,1.4114,2.00,1.60
2010.10.07 09:07:34.054,1.411,1.4114,1.90,1.60
2010.10.07 09:07:34.924,1.411,1.4114,1.90,1.70
2010.10.07 09:07:35.193,1.411,1.4114,1.90,1.60
2010.10.07 09:07:35.459,1.411,1.4114,1.90,1.60
2010.10.07 09:07:37.040,1.411,1.4114,1.90,1.70
2010.10.07 09:07:37.347,1.411,1.4114,1.70,1.70
2010.10.07 09:07:37.947,1.411,1.4114,1.70,1.60
2010.10.07 09:07:41.447,1.411,1.4114,2.00,1.60
2010.10.07 09:07:42.241,1.41105,1.4114,1.00,1.00
2010.10.07 09:07:42.433,1.41105,1.41145,1.00,1.00
2010.10.07 09:07:42.631,1.4111,1.4115,1.00,1.70
2010.10.07 09:07:43.362,1.4111,1.4115,1.10,1.70
2010.10.07 09:07:46.248,1.4111,1.4114,1.10,1.60
2010.10.07 09:07:46.801,1.4111,1.41145,1.00,1.80
2010.10.07 09:07:47.032,1.41105,1.4114,1.30,1.00
2010.10.07 09:07:49.073,1.4111,1.4115,1.90,2.90
2010.10.07 09:07:49.278,1.4111,1.4115,1.90,3.10
2010.10.07 09:07:50.531,1.4111,1.41145,2.90,1.00
2010.10.07 09:07:50.862,1.4111,1.4115,4.50,1.00
2010.10.07 09:07:51.794,1.41115,1.41155,1.70,1.60
2010.10.07 09:07:52.145,1.41115,1.41155,1.70,3.30
2010.10.07 09:07:53.018,1.4111,1.41145,1.00,1.00
2010.10.07 09:07:53.354,1.4111,1.41145,1.50,1.00
2010.10.07 09:07:54.018,1.4111,1.4115,2.50,2.40
2010.10.07 09:07:54.650,1.4111,1.4115,1.90,2.40
2010.10.07 09:07:55.338,1.4111,1.4115,2.10,2.40
2010.10.07 09:07:55.458,1.4111,1.4115,1.90,2.40
2010.10.07 09:07:55.580,1.4111,1.4114,1.00,1.00
2010.10.07 09:07:56.243,1.41105,1.4114,1.00,1.00
2010.10.07 09:07:59.427,1.41105,1.41135,1.00,1.00
2010.10.07 09:07:59.560,1.41105,1.41135,1.00,1.00
2010.10.07 09:07:59.712,1.41095,1.4113,3.30,1.00
2010.10.07 09:07:59.872,1.41095,1.41135,1.70,3.20
2010.10.07 09:08:00.495,1.41095,1.41135,2.30,3.20
2010.10.07 09:08:00.654,1.41095,1.41135,1.90,1.70
2010.10.07 09:08:00.905,1.411,1.41135,1.00,1.00
2010.10.07 09:08:01.392,1.411,1.41135,1.00,1.70
2010.10.07 09:08:01.630,1.411,1.41135,1.00,1.00
2010.10.07 09:08:02.464,1.411,1.41135,1.00,1.00
2010.10.07 09:08:04.459,1.4111,1.41145,1.00,1.00
2010.10.07 09:08:04.600,1.4111,1.4115,1.00,3.60
2010.10.07 09:08:04.740,1.4111,1.4115,1.00,3.20
2010.10.07 09:08:05.031,1.4111,1.4115,1.00,1.60
2010.10.07 09:08:05.319,1.4111,1.4115,1.30,1.00
2010.10.07 09:08:11.234,1.41115,1.41155,1.30,3.20
2010.10.07 09:08:11.840,1.41115,1.41155,1.30,3.20
2010.10.07 09:08:12.929,1.41115,1.41155,1.30,3.20
2010.10.07 09:08:14.286,1.41115,1.41155,1.30,1.60
2010.10.07 09:08:14.868,1.41115,1.41155,3.90,1.60
2010.10.07 09:08:15.171,1.4112,1.4115,1.00,3.20
2010.10.07 09:08:15.729,1.41115,1.4115,1.60,4.50
2010.10.07 09:08:16.034,1.41105,1.41145,1.10,3.90
2010.10.07 09:08:16.757,1.41105,1.41145,1.10,4.10
2010.10.07 09:08:19.337,1.41105,1.4114,1.10,1.00
2010.10.07 09:08:20.268,1.41105,1.4114,1.10,1.00
2010.10.07 09:08:20.950,1.41105,1.4114,1.10,1.70
2010.10.07 09:08:21.132,1.41105,1.4114,1.10,1.00
2010.10.07 09:08:21.310,1.41105,1.4114,1.10,1.60
2010.10.07 09:08:22.205,1.41105,1.4114,1.10,1.00
2010.10.07 09:08:22.648,1.41105,1.4114,1.10,1.00
2010.10.07 09:08:22.900,1.41105,1.41135,1.00,1.00
2010.10.07 09:08:23.652,1.411,1.41135,2.90,1.00
2010.10.07 09:08:23.904,1.41095,1.41135,1.90,1.50
2010.10.07 09:08:24.150,1.41095,1.41135,1.90,1.00
2010.10.07 09:08:24.934,1.411,1.41135,1.30,1.00
2010.10.07 09:08:25.254,1.41105,1.4114,1.00,1.60
2010.10.07 09:08:26.463,1.41105,1.4114,1.00,1.00
2010.10.07 09:08:27.129,1.41105,1.41145,1.10,5.70
2010.10.07 09:08:27.358,1.41105,1.4114,1.10,1.00
2010.10.07 09:08:27.939,1.41105,1.4114,1.10,1.00
2010.10.07 09:08:28.176,1.41105,1.4114,1.10,1.00
2010.10.07 09:08:28.371,1.41105,1.41145,1.10,5.60
2010.10.07 09:08:28.758,1.41105,1.41145,1.10,5.70
2010.10.07 09:08:29.991,1.41105,1.4114,1.10,1.00
2010.10.07 09:08:31.430,1.4111,1.4114,1.00,1.00
2010.10.07 09:08:33.012,1.4111,1.4114,1.00,1.00
2010.10.07 09:08:33.587,1.4111,1.41145,1.00,3.30
2010.10.07 09:08:33.848,1.4111,1.4114,1.00,1.00
2010.10.07 09:08:35.600,1.4111,1.4114,1.00,1.00
2010.10.07 09:08:36.429,1.4111,1.41145,1.30,3.30
2010.10.07 09:08:37.107,1.4111,1.41145,1.30,1.60
2010.10.07 09:08:37.285,1.41115,1.4115,1.00,1.00
2010.10.07 09:08:38.848,1.41115,1.4115,1.00,1.00
2010.10.07 09:08:39.178,1.41115,1.4115,1.90,1.00
2010.10.07 09:08:40.180,1.41115,1.41155,1.90,5.70
2010.10.07 09:08:40.479,1.41115,1.4115,1.90,1.00
2010.10.07 09:08:40.940,1.41115,1.4115,1.90,1.00
2010.10.07 09:08:41.170,1.41115,1.4115,1.30,2.40
2010.10.07 09:08:42.131,1.4112,1.41155,1.00,1.80
2010.10.07 09:08:42.333,1.4112,1.41155,1.00,1.00
2010.10.07 09:08:42.528,1.4112,1.41155,1.00,1.00
2010.10.07 09:08:43.443,1.4112,1.41155,1.00,1.00
2010.10.07 09:08:43.628,1.4112,1.41155,1.30,1.00
2010.10.07 09:08:44.382,1.4112,1.41155,1.30,1.60
2010.10.07 09:08:44.567,1.4111,1.4113,1.00,1.00
2010.10.07 09:08:44.892,1.4111,1.41135,1.00,2.40
2010.10.07 09:08:45.214,1.411,1.41135,1.00,2.40
2010.10.07 09:08:46.244,1.411,1.41135,1.00,1.00
2010.10.07 09:08:47.270,1.411,1.4114,1.30,2.40
2010.10.07 09:08:47.910,1.411,1.4114,1.80,2.40
2010.10.07 09:08:48.229,1.411,1.4114,1.70,2.40
2010.10.07 09:08:48.547,1.411,1.4114,1.80,2.40
2010.10.07 09:08:49.470,1.411,1.4114,1.70,2.40
2010.10.07 09:08:50.567,1.411,1.4114,1.70,2.40
2010.10.07 09:08:51.653,1.411,1.4114,3.50,2.40
2010.10.07 09:08:51.918,1.411,1.4114,1.90,2.40
2010.10.07 09:08:54.599,1.411,1.4114,1.80,1.00
2010.10.07 09:08:54.910,1.41105,1.4114,1.00,1.00
2010.10.07 09:08:55.119,1.41105,1.41145,1.30,3.50
2010.10.07 09:08:55.857,1.4111,1.41145,1.00,2.60
2010.10.07 09:08:56.105,1.4111,1.41145,1.00,1.00
2010.10.07 09:08:56.343,1.4111,1.4115,1.70,3.30
2010.10.07 09:08:57.107,1.4111,1.4115,1.70,2.50
2010.10.07 09:08:57.453,1.41115,1.4115,1.00,1.70
2010.10.07 09:08:58.140,1.41115,1.4115,1.00,1.60
2010.10.07 09:08:58.684,1.41115,1.4115,1.00,3.20
2010.10.07 09:08:58.943,1.41115,1.4115,1.00,1.60
2010.10.07 09:08:59.201,1.41115,1.4115,1.00,1.70
2010.10.07 09:09:00.485,1.41115,1.4115,1.00,1.60
2010.10.07 09:09:00.724,1.41115,1.4115,1.00,1.00
2010.10.07 09:09:01.478,1.41115,1.41155,1.00,3.50
2010.10.07 09:09:03.045,1.41115,1.4115,1.00,1.00
2010.10.07 09:09:03.287,1.41115,1.4115,1.00,1.00
2010.10.07 09:09:05.968,1.41115,1.4115,1.00,1.00
2010.10.07 09:09:07.071,1.41115,1.4115,1.00,1.60
2010.10.07 09:09:07.268,1.41115,1.4115,1.00,1.70
2010.10.07 09:09:07.602,1.41115,1.41145,1.00,1.00
2010.10.07 09:09:08.141,1.41115,1.41145,1.00,1.10
2010.10.07 09:09:08.468,1.4111,1.4114,1.00,1.00
2010.10.07 09:09:08.878,1.41105,1.4114,1.30,1.00
2010.10.07 09:09:10.043,1.41105,1.4114,1.30,1.00
2010.10.07 09:09:10.289,1.411,1.4114,1.70,1.70
2010.10.07 09:09:10.531,1.411,1.4114,1.30,1.70
2010.10.07 09:09:11.694,1.411,1.4114,1.30,1.60
2010.10.07 09:09:12.221,1.411,1.41135,1.30,1.00
2010.10.07 09:09:12.913,1.41095,1.41135,5.20,1.00
2010.10.07 09:09:13.279,1.41095,1.41135,1.80,1.00
2010.10.07 09:09:13.454,1.41095,1.4113,1.00,1.00
2010.10.07 09:09:15.934,1.411,1.4114,1.00,3.20
2010.10.07 09:09:16.282,1.41105,1.4114,1.00,1.60
2010.10.07 09:09:17.119,1.41105,1.4114,1.00,1.00
2010.10.07 09:09:17.630,1.41105,1.4114,1.00,2.40
2010.10.07 09:09:17.868,1.41105,1.4114,1.00,2.50
2010.10.07 09:09:18.915,1.411,1.41135,1.00,1.00
2010.10.07 09:09:19.198,1.411,1.41135,1.00,1.00
2010.10.07 09:09:19.682,1.411,1.41135,1.00,1.00
2010.10.07 09:09:20.888,1.411,1.41135,1.00,1.00
2010.10.07 09:09:21.624,1.411,1.41135,1.00,1.00
2010.10.07 09:09:22.649,1.411,1.41135,1.00,1.80
2010.10.07 09:09:23.460,1.411,1.41135,1.00,2.40
2010.10.07 09:09:23.735,1.41095,1.41125,1.00,2.10
2010.10.07 09:09:32.348,1.4109,1.41125,1.70,2.10
2010.10.07 09:09:32.548,1.4109,1.41125,1.70,2.20
2010.10.07 09:09:32.760,1.4109,1.41125,1.70,2.10
2010.10.07 09:09:32.969,1.41095,1.41125,1.30,2.10
2010.10.07 09:09:33.558,1.41095,1.4113,1.30,1.00
2010.10.07 09:09:33.888,1.41095,1.41135,1.90,3.90
2010.10.07 09:09:34.531,1.41095,1.41135,1.90,3.80
2010.10.07 09:09:35.078,1.41095,1.41135,3.50,3.80
2010.10.07 09:09:35.431,1.41095,1.41135,3.30,3.80
2010.10.07 09:09:37.947,1.41095,1.41135,1.70,3.80
2010.10.07 09:09:38.810,1.41095,1.41135,1.70,3.90
2010.10.07 09:09:39.508,1.41095,1.4113,1.70,1.80
2010.10.07 09:09:39.649,1.41095,1.4113,1.70,1.80
2010.10.07 09:09:40.170,1.41095,1.41125,1.20,1.00
2010.10.07 09:09:40.397,1.41085,1.41115,1.00,1.00
2010.10.07 09:09:40.609,1.4108,1.41115,1.00,1.00
2010.10.07 09:09:40.829,1.41075,1.41115,1.00,1.80
2010.10.07 09:09:41.800,1.41075,1.41115,1.00,1.80
2010.10.07 09:09:43.158,1.41075,1.41115,1.00,1.90
2010.10.07 09:09:45.228,1.41075,1.41115,1.00,1.80
2010.10.07 09:09:46.930,1.41075,1.4111,1.00,1.00
2010.10.07 09:09:47.587,1.41075,1.4111,1.00,1.00
2010.10.07 09:09:47.748,1.41075,1.4111,1.00,1.00
2010.10.07 09:09:48.720,1.41075,1.4111,1.00,1.00
2010.10.07 09:09:49.279,1.41075,1.4111,1.00,1.00
2010.10.07 09:09:50.323,1.41075,1.4111,1.00,1.00
2010.10.07 09:09:50.867,1.41075,1.4111,1.00,1.00
2010.10.07 09:09:54.078,1.41075,1.4111,1.00,1.70
2010.10.07 09:09:54.707,1.4107,1.4111,1.00,3.20
2010.10.07 09:09:55.400,1.4107,1.4111,1.00,1.70
2010.10.07 09:09:56.466,1.4107,1.4111,1.70,1.70
2010.10.07 09:09:56.782,1.4107,1.4111,1.90,1.60
2010.10.07 09:09:57.910,1.4107,1.4111,3.60,1.60
2010.10.07 09:09:58.896,1.4107,1.4111,2.00,1.60
2010.10.07 09:09:59.038,1.4107,1.4111,1.90,1.60
2010.10.07 09:09:59.167,1.4107,1.4111,2.00,1.60
2010.10.07 09:09:59.978,1.4107,1.4111,2.00,1.60
2010.10.07 09:10:00.258,1.4107,1.4111,1.90,1.70
2010.10.07 09:10:00.448,1.4107,1.4111,2.00,1.60
2010.10.07 09:10:00.639,1.4107,1.4111,2.00,1.60
2010.10.07 09:10:01.500,1.4107,1.4111,1.90,1.60
2010.10.07 09:10:01.718,1.4107,1.4111,2.00,1.60
2010.10.07 09:10:01.938,1.4107,1.4111,1.90,1.60
2010.10.07 09:10:02.709,1.4107,1.4111,2.00,1.60
2010.10.07 09:10:03.297,1.4107,1.4111,2.00,1.60
2010.10.07 09:10:04.098,1.4107,1.4111,2.10,1.60
2010.10.07 09:10:04.917,1.4107,1.4111,1.90,1.60
2010.10.07 09:10:05.977,1.4107,1.4111,2.00,1.60
2010.10.07 09:10:06.838,1.4107,1.4111,2.00,1.60
2010.10.07 09:10:07.059,1.4107,1.4111,2.10,1.60
2010.10.07 09:10:07.508,1.41075,1.41115,1.30,3.50
2010.10.07 09:10:08.086,1.4107,1.4111,3.70,1.00
2010.10.07 09:10:08.346,1.4107,1.4111,2.70,1.00
2010.10.07 09:10:08.601,1.4107,1.4111,1.10,1.00
2010.10.07 09:10:09.689,1.4107,1.4108,1.00,1.60
2010.10.07 09:10:10.013,1.4106,1.4108,1.90,1.00
2010.10.07 09:10:10.323,1.41075,1.4108,1.00,1.60
2010.10.07 09:10:11.172,1.4106,1.4109,1.00,1.00
2010.10.07 09:10:11.501,1.41055,1.4109,1.10,1.00
2010.10.07 09:10:11.831,1.41055,1.4109,1.00,1.00
2010.10.07 09:10:13.109,1.4105,1.41085,1.00,1.00
2010.10.07 09:10:13.280,1.4105,1.41085,1.00,1.60
2010.10.07 09:10:14.322,1.4105,1.4108,1.00,1.60
2010.10.07 09:10:14.762,1.4105,1.4108,1.00,1.60
2010.10.07 09:10:14.981,1.4105,1.41085,1.00,1.60
2010.10.07 09:10:15.745,1.41055,1.41085,1.00,1.60
2010.10.07 09:10:15.975,1.41055,1.4109,1.00,1.60
2010.10.07 09:10:17.068,1.41065,1.4109,1.00,1.00
2010.10.07 09:10:18.662,1.4106,1.4109,1.00,1.00
2010.10.07 09:10:20.450,1.4106,1.4109,2.10,1.00
2010.10.07 09:10:25.869,1.4106,1.4109,2.00,1.00
2010.10.07 09:10:26.527,1.4106,1.41085,1.00,1.00
2010.10.07 09:10:26.796,1.41055,1.41085,1.00,1.30
2010.10.07 09:10:27.331,1.41055,1.4109,1.00,1.70
2010.10.07 09:10:28.682,1.4106,1.4109,1.00,1.80
2010.10.07 09:10:28.793,1.41055,1.4109,1.00,1.90
2010.10.07 09:10:28.910,1.41055,1.4109,1.00,1.70
2010.10.07 09:10:29.677,1.41055,1.4109,1.00,1.60
2010.10.07 09:10:30.020,1.41055,1.4109,1.00,1.70
2010.10.07 09:10:32.270,1.41055,1.4109,1.00,1.60
2010.10.07 09:10:32.568,1.41055,1.4109,1.00,1.00
2010.10.07 09:10:32.854,1.4106,1.4109,1.00,1.00
2010.10.07 09:10:33.115,1.4106,1.4109,1.00,1.70
2010.10.07 09:10:33.906,1.41055,1.4109,1.00,1.70
2010.10.07 09:10:34.950,1.41055,1.4109,1.00,3.30
2010.10.07 09:10:35.285,1.41055,1.41085,1.00,1.00
2010.10.07 09:10:36.162,1.41055,1.41085,1.00,1.00
2010.10.07 09:10:36.507,1.41055,1.4108,1.00,1.00
2010.10.07 09:10:37.530,1.41045,1.41075,1.00,1.00
2010.10.07 09:10:39.089,1.41045,1.41075,1.00,1.00
2010.10.07 09:10:39.796,1.41045,1.41065,1.00,1.00
2010.10.07 09:10:40.087,1.41035,1.4106,1.00,1.00
2010.10.07 09:10:41.227,1.4103,1.41065,2.00,1.60
2010.10.07 09:10:41.570,1.41035,1.41065,1.00,1.60
2010.10.07 09:10:46.676,1.41035,1.41065,1.00,1.00
2010.10.07 09:10:50.153,1.41035,1.41065,1.00,1.60
2010.10.07 09:10:50.798,1.41035,1.41065,1.00,1.60
2010.10.07 09:10:51.628,1.41035,1.4106,1.00,1.00
2010.10.07 09:10:51.926,1.41035,1.41055,1.00,1.00
2010.10.07 09:10:53.161,1.41025,1.41055,2.00,1.00
2010.10.07 09:10:53.748,1.41025,1.4107,3.30,1.80
2010.10.07 09:10:54.077,1.41035,1.4107,1.00,1.00
2010.10.07 09:10:54.379,1.41035,1.4107,1.00,2.40
2010.10.07 09:10:54.690,1.41035,1.4107,1.00,1.00
2010.10.07 09:10:57.245,1.41035,1.4107,1.40,1.00
2010.10.07 09:10:57.465,1.41045,1.4108,1.00,3.20
2010.10.07 09:10:57.679,1.41045,1.4108,1.00,3.40
2010.10.07 09:10:58.422,1.41045,1.4108,1.00,1.80
2010.10.07 09:10:58.762,1.41045,1.4108,1.00,1.60
2010.10.07 09:10:59.439,1.41045,1.4108,1.00,1.60
2010.10.07 09:10:59.759,1.41045,1.41085,1.00,3.20
2010.10.07 09:11:00.615,1.4105,1.41085,1.30,1.00
2010.10.07 09:11:00.802,1.4105,1.4109,1.00,1.00
2010.10.07 09:11:00.990,1.4105,1.4109,1.70,1.00
2010.10.07 09:11:01.180,1.41055,1.4109,1.00,2.40
2010.10.07 09:11:01.729,1.41055,1.4109,1.00,2.40
2010.10.07 09:11:02.610,1.4105,1.4109,1.70,3.20
2010.10.07 09:11:02.855,1.41055,1.4109,1.00,3.20
2010.10.07 09:11:03.211,1.41055,1.4109,1.00,1.00
2010.10.07 09:11:05.377,1.41055,1.4109,1.00,1.00
2010.10.07 09:11:05.981,1.41055,1.4109,1.00,1.00
2010.10.07 09:11:06.726,1.41055,1.41095,1.00,3.50
2010.10.07 09:11:07.076,1.41055,1.41095,1.00,3.40
2010.10.07 09:11:08.262,1.41055,1.4109,1.00,1.00
2010.10.07 09:11:09.008,1.41055,1.4109,1.00,1.00
2010.10.07 09:11:10.319,1.41055,1.4109,1.00,1.00
2010.10.07 09:11:12.498,1.41055,1.4109,1.00,2.50
2010.10.07 09:11:15.717,1.41055,1.41095,1.00,3.30
2010.10.07 09:11:15.969,1.41055,1.4109,1.00,1.00
2010.10.07 09:11:16.478,1.41055,1.41095,1.00,3.30
2010.10.07 09:11:17.421,1.41055,1.4109,1.00,1.00
2010.10.07 09:11:17.842,1.41055,1.41095,1.00,3.30
2010.10.07 09:11:18.022,1.4106,1.41095,1.00,1.00
2010.10.07 09:11:18.198,1.4106,1.41095,1.00,1.00
2010.10.07 09:11:18.718,1.4106,1.41095,1.00,1.00
2010.10.07 09:11:20.388,1.4106,1.41095,1.90,1.00
2010.10.07 09:11:20.610,1.41065,1.411,1.30,1.00
2010.10.07 09:11:21.407,1.4107,1.41105,1.00,1.00
2010.10.07 09:11:21.664,1.41065,1.411,2.90,1.00
2010.10.07 09:11:21.919,1.41065,1.411,1.30,1.00
2010.10.07 09:11:22.182,1.41065,1.411,1.70,1.00
2010.10.07 09:11:23.105,1.41065,1.41095,1.00,1.00
2010.10.07 09:11:23.453,1.4106,1.41095,1.00,1.00
2010.10.07 09:11:24.234,1.4106,1.41085,1.00,1.00
2010.10.07 09:11:24.473,1.4106,1.41085,1.00,1.00
2010.10.07 09:11:24.822,1.4106,1.4109,1.00,1.00
2010.10.07 09:11:25.681,1.4106,1.41085,1.00,1.00
2010.10.07 09:11:27.362,1.4106,1.4109,1.00,1.00
2010.10.07 09:11:29.370,1.4106,1.41085,1.00,1.00
2010.10.07 09:11:29.492,1.41055,1.41085,1.70,1.00
2010.10.07 09:11:31.178,1.4106,1.41085,1.00,1.00
2010.10.07 09:11:33.186,1.4106,1.4108,1.00,1.00
2010.10.07 09:11:33.313,1.41055,1.4108,1.70,1.00
2010.10.07 09:11:33.440,1.41055,1.4108,1.00,1.00
2010.10.07 09:11:34.400,1.4105,1.4108,1.00,1.00
2010.10.07 09:11:35.080,1.4105,1.41085,2.80,1.00
2010.10.07 09:11:35.797,1.4105,1.41085,3.30,1.00
2010.10.07 09:11:36.058,1.4105,1.41085,3.30,1.00
2010.10.07 09:11:36.311,1.4105,1.41085,3.30,1.00
2010.10.07 09:11:37.584,1.4105,1.41085,2.80,1.00
2010.10.07 09:11:37.678,1.4105,1.41085,2.00,1.00
2010.10.07 09:11:37.958,1.4105,1.4108,2.00,1.00
2010.10.07 09:11:39.665,1.4105,1.4108,1.00,1.00
2010.10.07 09:11:40.519,1.4105,1.41075,1.00,1.00
2010.10.07 09:11:41.285,1.4105,1.4108,1.00,1.00
2010.10.07 09:11:43.358,1.4105,1.4108,1.00,1.00
2010.10.07 09:11:46.137,1.4105,1.4108,1.00,1.00
2010.10.07 09:11:46.248,1.4105,1.4108,1.00,1.00
2010.10.07 09:11:46.856,1.4105,1.4108,1.00,1.00
2010.10.07 09:11:47.216,1.4105,1.41075,1.00,1.00
2010.10.07 09:11:48.093,1.41045,1.41075,1.00,1.00
2010.10.07 09:11:48.446,1.41045,1.41075,1.00,1.00
2010.10.07 09:11:50.276,1.4104,1.4106,1.00,1.00
2010.10.07 09:11:51.316,1.4104,1.41065,1.00,1.60
2010.10.07 09:11:51.669,1.4103,1.41065,2.00,1.00
2010.10.07 09:11:52.905,1.4103,1.41065,2.00,1.00
2010.10.07 09:11:53.254,1.4103,1.41065,1.00,1.00
2010.10.07 09:11:53.835,1.4103,1.41065,1.00,1.00
2010.10.07 09:11:54.076,1.4103,1.4107,2.90,1.60
2010.10.07 09:11:54.311,1.4103,1.4107,2.90,1.60
2010.10.07 09:11:55.081,1.4103,1.4107,2.90,1.60
2010.10.07 09:11:55.763,1.41035,1.4107,1.00,1.00
2010.10.07 09:11:57.284,1.41035,1.4107,1.10,1.00
2010.10.07 09:11:57.357,1.41035,1.41075,3.90,2.10
2010.10.07 09:11:58.013,1.41035,1.4107,1.00,1.00
2010.10.07 09:11:58.059,1.41035,1.4107,1.00,1.00
2010.10.07 09:11:59.025,1.41035,1.41065,1.00,1.00
2010.10.07 09:11:59.889,1.4103,1.41065,1.20,1.00
2010.10.07 09:12:00.195,1.41035,1.4107,1.00,1.00
2010.10.07 09:12:00.683,1.41035,1.4107,1.00,1.00
2010.10.07 09:12:02.041,1.41035,1.4107,1.00,2.20
2010.10.07 09:12:02.261,1.4103,1.41065,1.70,1.00
2010.10.07 09:12:03.177,1.4103,1.4107,4.10,2.10
2010.10.07 09:12:03.513,1.41045,1.41075,1.60,1.60
2010.10.07 09:12:04.489,1.41045,1.41075,2.00,1.60
2010.10.07 09:12:05.546,1.41045,1.41075,1.00,1.60
2010.10.07 09:12:05.660,1.4105,1.41075,1.00,1.00
2010.10.07 09:12:08.698,1.4105,1.4108,1.00,2.30
2010.10.07 09:12:08.889,1.4105,1.41075,1.00,1.00
2010.10.07 09:12:09.868,1.4105,1.4108,1.00,2.30
2010.10.07 09:12:12.819,1.41045,1.4108,1.00,2.30
2010.10.07 09:12:14.757,1.4105,1.4108,1.00,2.30
2010.10.07 09:12:15.883,1.4105,1.4108,1.00,1.60
2010.10.07 09:12:16.667,1.4105,1.4108,1.00,1.00
2010.10.07 09:12:18.561,1.41055,1.4108,1.00,1.00
2010.10.07 09:12:18.830,1.4105,1.41085,2.00,1.70
2010.10.07 09:12:19.731,1.41055,1.41085,2.00,1.60
2010.10.07 09:12:20.692,1.41055,1.41085,2.00,1.70
2010.10.07 09:12:22.774,1.41055,1.4108,1.00,1.00
2010.10.07 09:12:23.454,1.41055,1.4108,1.60,1.00
2010.10.07 09:12:24.222,1.41055,1.41085,1.60,1.70
2010.10.07 09:12:24.960,1.41055,1.41085,2.00,1.70
2010.10.07 09:12:25.539,1.41055,1.41085,2.00,1.60
2010.10.07 09:12:25.930,1.41055,1.41085,2.00,1.70
2010.10.07 09:12:26.691,1.41055,1.4109,4.10,1.00
2010.10.07 09:12:27.038,1.4106,1.41095,1.00,1.40
2010.10.07 09:12:27.180,1.4106,1.41095,1.70,1.00
2010.10.07 09:12:28.441,1.41065,1.41095,1.00,1.00
2010.10.07 09:12:31.012,1.41065,1.41095,1.00,1.00
2010.10.07 09:12:31.347,1.41065,1.41095,1.00,1.00
2010.10.07 09:12:31.718,1.41065,1.41095,1.00,1.00
2010.10.07 09:12:32.733,1.41065,1.41095,1.00,1.00
2010.10.07 09:12:35.350,1.41065,1.41095,1.00,1.00
2010.10.07 09:12:38.198,1.41065,1.41095,1.00,1.00
2010.10.07 09:12:38.851,1.41065,1.41095,1.00,1.00
2010.10.07 09:12:39.344,1.4107,1.41105,1.30,1.00
2010.10.07 09:12:39.954,1.4107,1.41105,1.70,1.00
2010.10.07 09:12:40.291,1.41075,1.41105,1.00,1.00
2010.10.07 09:12:40.622,1.41075,1.411,1.00,1.80
2010.10.07 09:12:41.362,1.4107,1.411,1.30,2.30
2010.10.07 09:12:41.700,1.4107,1.411,1.00,2.30
2010.10.07 09:12:43.022,1.4107,1.411,1.00,1.00
2010.10.07 09:12:43.337,1.41065,1.4109,1.20,2.40
2010.10.07 09:12:43.651,1.4106,1.4109,1.00,2.40
2010.10.07 09:12:44.205,1.4106,1.4109,1.00,2.50
2010.10.07 09:12:44.859,1.4106,1.4109,1.00,2.40
2010.10.07 09:12:46.511,1.4106,1.4109,1.00,2.50
2010.10.07 09:12:48.928,1.4106,1.4109,1.30,2.50
2010.10.07 09:12:49.418,1.4106,1.41085,1.30,1.00
2010.10.07 09:12:49.588,1.4106,1.41085,1.70,1.00
2010.10.07 09:12:50.401,1.4106,1.41085,1.30,1.00
2010.10.07 09:12:55.640,1.4106,1.4109,1.30,2.40
2010.10.07 09:12:55.854,1.41065,1.41095,1.00,1.00
2010.10.07 09:12:56.259,1.41065,1.41095,1.00,1.00
2010.10.07 09:12:56.472,1.4107,1.411,1.00,1.00
2010.10.07 09:12:57.169,1.41075,1.41105,1.00,1.00
2010.10.07 09:12:57.855,1.41075,1.41105,1.00,1.00
2010.10.07 09:12:58.589,1.41075,1.41095,1.00,1.00
2010.10.07 09:12:58.793,1.41065,1.4109,1.00,2.30
2010.10.07 09:12:58.991,1.4106,1.4109,1.30,2.10
2010.10.07 09:13:00.110,1.4106,1.4109,1.70,2.10
2010.10.07 09:13:00.299,1.4106,1.4109,1.30,2.10
2010.10.07 09:13:01.632,1.4106,1.4109,1.30,2.20
2010.10.07 09:13:03.906,1.4106,1.4109,1.30,1.00
2010.10.07 09:13:04.153,1.4106,1.4109,1.30,2.20
2010.10.07 09:13:05.128,1.4106,1.4109,1.30,2.30
2010.10.07 09:13:07.995,1.4106,1.4109,2.70,1.00
2010.10.07 09:13:08.225,1.4107,1.41095,1.00,1.70
2010.10.07 09:13:09.008,1.4107,1.41095,1.00,1.00
2010.10.07 09:13:09.303,1.4107,1.41095,1.00,1.00
2010.10.07 09:13:13.739,1.4107,1.411,1.00,2.30
2010.10.07 09:13:15.497,1.41065,1.411,1.70,2.30
2010.10.07 09:13:15.846,1.41065,1.41095,1.70,1.00
2010.10.07 09:13:20.881,1.41065,1.41095,1.70,1.70
2010.10.07 09:13:21.109,1.41065,1.41095,1.70,1.60
2010.10.07 09:13:24.103,1.41065,1.41095,1.70,1.60
2010.10.07 09:13:26.040,1.41065,1.41095,2.10,1.60
2010.10.07 09:13:26.172,1.41065,1.411,1.70,2.10
2010.10.07 09:13:28.600,1.41065,1.411,1.70,2.20
2010.10.07 09:13:29.463,1.41065,1.411,1.70,2.30
2010.10.07 09:13:29.781,1.41065,1.411,1.70,2.20
2010.10.07 09:13:31.828,1.41065,1.411,1.00,3.00
2010.10.07 09:13:32.373,1.41065,1.411,1.00,3.10
2010.10.07 09:13:33.299,1.41065,1.411,2.50,1.00
2010.10.07 09:13:33.539,1.41065,1.411,2.70,1.00
2010.10.07 09:13:34.357,1.41065,1.411,2.20,1.00
2010.10.07 09:13:38.595,1.4107,1.41105,1.00,2.30
2010.10.07 09:13:39.198,1.4107,1.41105,1.00,2.20
2010.10.07 09:13:40.249,1.4107,1.41105,1.00,2.30
2010.10.07 09:13:40.859,1.4107,1.41105,1.00,2.20
2010.10.07 09:13:43.390,1.41065,1.41105,5.10,2.20
2010.10.07 09:13:43.612,1.41065,1.41105,3.50,2.20
2010.10.07 09:13:43.885,1.41065,1.41095,1.00,1.00
2010.10.07 09:13:44.704,1.4106,1.41095,1.00,1.00
2010.10.07 09:13:45.940,1.4106,1.41095,1.00,1.50
2010.10.07 09:13:47.612,1.4106,1.4109,1.00,1.00
2010.10.07 09:13:48.644,1.4106,1.41085,1.00,1.00
2010.10.07 09:13:48.866,1.41055,1.41085,1.00,1.00
2010.10.07 09:13:50.039,1.41055,1.41085,1.00,1.00
2010.10.07 09:13:51.940,1.4105,1.41085,2.80,1.30
2010.10.07 09:13:52.101,1.4105,1.41085,2.00,1.30
2010.10.07 09:13:52.984,1.4105,1.41085,1.20,1.30
2010.10.07 09:13:53.278,1.41055,1.41095,4.90,2.20
2010.10.07 09:13:53.562,1.41055,1.4109,3.80,1.00
2010.10.07 09:13:54.378,1.41055,1.4109,2.30,1.60
2010.10.07 09:13:56.499,1.41055,1.4109,2.70,1.60
2010.10.07 09:13:57.992,1.41055,1.4109,2.20,1.60
2010.10.07 09:13:58.218,1.41055,1.4109,3.80,1.60
2010.10.07 09:13:58.909,1.41055,1.4109,2.20,1.60
2010.10.07 09:13:59.461,1.41055,1.4109,2.20,1.60
2010.10.07 09:14:00.250,1.41055,1.4109,2.20,1.60
2010.10.07 09:14:01.138,1.41055,1.4109,2.30,1.60
2010.10.07 09:14:01.399,1.41055,1.4109,2.70,1.60
2010.10.07 09:14:02.235,1.41055,1.4109,2.30,1.60
2010.10.07 09:14:03.498,1.41055,1.4109,2.70,1.60
2010.10.07 09:14:04.439,1.4105,1.4109,3.40,1.60
2010.10.07 09:14:04.621,1.41055,1.4109,1.00,1.60
2010.10.07 09:14:05.561,1.41055,1.4109,2.00,1.60
2010.10.07 09:14:05.906,1.41055,1.4109,2.90,1.60
2010.10.07 09:14:06.758,1.4106,1.4109,2.00,1.00
2010.10.07 09:14:07.050,1.4106,1.4109,1.60,1.00
2010.10.07 09:14:07.342,1.4106,1.4109,2.00,1.00
2010.10.07 09:14:10.122,1.4106,1.4109,2.80,1.00
2010.10.07 09:14:10.242,1.41065,1.41095,1.00,1.00
2010.10.07 09:14:11.910,1.4106,1.41095,1.00,1.40
2010.10.07 09:14:12.145,1.41055,1.4109,1.70,1.00
2010.10.07 09:14:12.941,1.41055,1.41095,1.70,1.50
2010.10.07 09:14:14.879,1.41055,1.4109,1.70,1.00
2010.10.07 09:14:18.057,1.41055,1.41095,1.70,1.50
2010.10.07 09:14:19.739,1.41055,1.41095,1.00,2.30
2010.10.07 09:14:21.044,1.4106,1.411,1.00,1.00
2010.10.07 09:14:21.393,1.4106,1.411,1.70,2.50
2010.10.07 09:14:21.661,1.4106,1.411,1.70,1.00
2010.10.07 09:14:23.238,1.4106,1.411,1.90,1.00
2010.10.07 09:14:27.258,1.41065,1.411,1.00,1.00
2010.10.07 09:14:28.519,1.41065,1.411,2.20,1.00
2010.10.07 09:14:28.868,1.4107,1.41105,1.00,3.90
2010.10.07 09:14:29.221,1.4107,1.41105,1.00,2.30
2010.10.07 09:14:30.559,1.4107,1.411,1.00,1.00
2010.10.07 09:14:31.503,1.4106,1.41095,1.70,1.00
2010.10.07 09:14:32.884,1.4106,1.411,1.90,2.50
2010.10.07 09:14:33.419,1.4106,1.411,3.30,1.00
2010.10.07 09:14:33.689,1.4106,1.411,1.70,1.00
2010.10.07 09:14:39.259,1.4106,1.411,1.70,1.00
2010.10.07 09:14:39.490,1.41065,1.411,2.50,1.00
2010.10.07 09:14:40.474,1.41065,1.411,3.30,1.00
2010.10.07 09:14:40.723,1.41065,1.41105,3.60,2.20
2010.10.07 09:14:42.880,1.41065,1.41105,3.60,2.10
2010.10.07 09:14:43.488,1.41065,1.41105,3.60,2.20
2010.10.07 09:14:44.479,1.41065,1.41105,3.50,2.10
2010.10.07 09:14:44.708,1.41065,1.41105,3.70,2.10
2010.10.07 09:14:45.294,1.4107,1.41105,1.00,1.00
2010.10.07 09:14:48.932,1.4107,1.4111,1.00,3.30
2010.10.07 09:14:51.958,1.4107,1.4111,1.00,3.20
2010.10.07 09:14:52.099,1.4107,1.4111,1.00,3.30
2010.10.07 09:14:53.160,1.4107,1.4111,1.00,3.20
2010.10.07 09:14:54.969,1.4107,1.4111,1.00,3.30
2010.10.07 09:14:55.088,1.4107,1.4111,1.00,1.70
2010.10.07 09:14:55.318,1.4107,1.4111,1.00,1.60
2010.10.07 09:14:56.050,1.4107,1.4111,1.10,1.60
2010.10.07 09:14:59.461,1.4107,1.4111,1.00,1.60
2010.10.07 09:14:59.628,1.4107,1.4111,1.00,1.60
2010.10.07 09:15:00.819,1.4107,1.4111,2.80,1.00
2010.10.07 09:15:00.996,1.41075,1.4111,1.00,1.00
2010.10.07 09:15:01.179,1.4107,1.4111,1.10,1.00
2010.10.07 09:15:01.369,1.4107,1.4111,1.00,1.00
2010.10.07 09:15:02.016,1.4107,1.4111,1.00,1.60
2010.10.07 09:15:02.382,1.4107,1.4111,1.00,1.60
2010.10.07 09:15:02.724,1.41075,1.41105,1.00,1.60
2010.10.07 09:15:04.182,1.41075,1.41105,1.00,1.00
2010.10.07 09:15:04.430,1.4107,1.4111,1.00,1.00
2010.10.07 09:15:05.243,1.41075,1.4111,1.00,1.00
2010.10.07 09:15:05.770,1.41075,1.4111,1.00,1.00
2010.10.07 09:15:07.293,1.4107,1.41105,1.70,1.60
2010.10.07 09:15:07.456,1.4107,1.411,1.00,2.40
2010.10.07 09:15:07.619,1.4107,1.41095,1.00,1.00
2010.10.07 09:15:08.187,1.4107,1.411,1.00,1.70
2010.10.07 09:15:08.357,1.4106,1.41095,1.60,2.30
2010.10.07 09:15:09.196,1.4106,1.41085,1.00,1.00
2010.10.07 09:15:09.551,1.4106,1.41085,2.00,1.00
2010.10.07 09:15:09.863,1.41055,1.41085,1.00,1.00
2010.10.07 09:15:10.939,1.4105,1.41085,1.00,1.50
2010.10.07 09:15:12.307,1.4105,1.4108,1.00,1.00
2010.10.07 09:15:12.994,1.4105,1.4108,1.00,1.00
2010.10.07 09:15:13.922,1.4105,1.4108,1.00,1.00
2010.10.07 09:15:15.772,1.4105,1.4108,1.00,1.00
2010.10.07 09:15:17.164,1.4105,1.41085,1.00,2.30
2010.10.07 09:15:17.811,1.41045,1.4108,1.70,1.00
2010.10.07 09:15:18.142,1.4105,1.4108,1.00,1.00
2010.10.07 09:15:18.332,1.4105,1.41085,1.00,1.50
2010.10.07 09:15:19.055,1.4105,1.41085,1.00,1.00
2010.10.07 09:15:19.210,1.4105,1.41085,1.70,1.00
2010.10.07 09:15:20.168,1.4105,1.41085,1.70,1.00
2010.10.07 09:15:20.314,1.41055,1.41085,1.00,1.00
2010.10.07 09:15:21.524,1.41055,1.41085,1.70,1.00
2010.10.07 09:15:21.876,1.4106,1.4109,1.00,1.00
2010.10.07 09:15:23.076,1.4106,1.4109,1.00,1.00
2010.10.07 09:15:23.386,1.41055,1.41085,1.70,1.00
2010.10.07 09:15:24.443,1.41055,1.41085,1.00,1.00
2010.10.07 09:15:24.709,1.41055,1.41085,1.00,1.00
2010.10.07 09:15:26.561,1.41055,1.41085,1.00,1.00
2010.10.07 09:15:26.759,1.41055,1.41085,1.00,1.00
2010.10.07 09:15:27.332,1.41055,1.41085,1.20,1.00
2010.10.07 09:15:27.654,1.41065,1.41105,1.70,4.40
2010.10.07 09:15:28.405,1.41065,1.41095,1.00,1.00
2010.10.07 09:15:28.759,1.4106,1.41095,1.70,1.00
2010.10.07 09:15:29.988,1.41065,1.41095,1.70,1.00
2010.10.07 09:15:30.318,1.41055,1.41075,1.00,1.00
2010.10.07 09:15:31.262,1.41045,1.41075,1.00,1.00
2010.10.07 09:15:31.973,1.41055,1.41085,1.00,1.00
2010.10.07 09:15:32.669,1.4106,1.41095,1.00,1.00
2010.10.07 09:15:32.925,1.4106,1.41095,1.70,1.00
2010.10.07 09:15:33.428,1.4106,1.41095,1.70,1.00
2010.10.07 09:15:34.514,1.4106,1.4109,1.70,1.00
2010.10.07 09:15:34.838,1.4106,1.41085,1.00,1.00
2010.10.07 09:15:35.030,1.41055,1.41085,1.00,1.00
2010.10.07 09:15:35.946,1.41055,1.41085,1.00,1.00
2010.10.07 09:15:36.231,1.4105,1.41075,1.70,1.00
2010.10.07 09:15:36.527,1.4105,1.41075,1.00,1.00
2010.10.07 09:15:37.331,1.4105,1.4108,1.00,1.00
2010.10.07 09:15:37.616,1.4105,1.4108,1.00,1.00
2010.10.07 09:15:37.903,1.4105,1.41085,1.70,2.20
2010.10.07 09:15:38.713,1.4105,1.41085,1.70,2.10
2010.10.07 09:15:39.390,1.4105,1.41085,1.70,2.20
2010.10.07 09:15:40.010,1.4105,1.41085,1.00,2.20
2010.10.07 09:15:40.310,1.4105,1.41085,1.00,3.30
2010.10.07 09:15:40.612,1.41045,1.41075,1.70,1.00
2010.10.07 09:15:43.608,1.4105,1.41075,1.00,1.00
2010.10.07 09:15:47.294,1.41045,1.41075,1.00,1.00
2010.10.07 09:15:48.657,1.41045,1.41065,1.00,1.00
2010.10.07 09:15:48.997,1.4104,1.4107,1.00,1.00
2010.10.07 09:15:49.570,1.4104,1.41075,1.00,2.30
2010.10.07 09:15:49.894,1.4105,1.4108,1.60,1.00
2010.10.07 09:15:50.768,1.4105,1.41085,2.90,1.00
2010.10.07 09:15:51.097,1.4105,1.41085,3.30,1.00
2010.10.07 09:15:52.289,1.4105,1.41075,1.00,1.00
2010.10.07 09:15:53.454,1.41045,1.41075,1.00,1.00
2010.10.07 09:15:57.446,1.41045,1.41075,1.70,1.00
2010.10.07 09:16:03.371,1.41045,1.41075,1.00,1.00
2010.10.07 09:16:04.169,1.41045,1.41075,1.00,1.00
2010.10.07 09:16:04.400,1.41045,1.41075,1.00,1.00
2010.10.07 09:16:06.669,1.4105,1.4108,1.00,1.60
2010.10.07 09:16:07.386,1.41045,1.4108,1.00,1.60
2010.10.07 09:16:07.664,1.41045,1.4108,1.00,1.60
2010.10.07 09:16:09.719,1.4105,1.4108,1.60,1.00
2010.10.07 09:16:09.891,1.4105,1.41085,1.60,3.90
2010.10.07 09:16:10.267,1.4105,1.4108,1.60,1.00
2010.10.07 09:16:11.390,1.4105,1.41085,1.60,3.90
2010.10.07 09:16:12.309,1.4105,1.4108,1.60,1.00
2010.10.07 09:16:13.394,1.4105,1.41085,1.60,3.90
2010.10.07 09:16:13.407,1.4105,1.41085,1.60,2.30
2010.10.07 09:16:14.848,1.4105,1.4108,1.60,1.00
2010.10.07 09:16:15.033,1.4105,1.41085,1.60,2.30
2010.10.07 09:16:15.638,1.4106,1.41085,2.10,1.00
2010.10.07 09:16:15.685,1.4106,1.4109,2.10,1.60
2010.10.07 09:16:16.033,1.4106,1.41095,2.10,1.60
2010.10.07 09:16:17.461,1.4107,1.41095,1.00,1.00
2010.10.07 09:16:17.743,1.4107,1.411,1.00,1.60
2010.10.07 09:16:18.486,1.4107,1.41105,2.00,2.20
2010.10.07 09:16:19.770,1.4107,1.41105,2.00,2.10
2010.10.07 09:16:20.658,1.4107,1.41105,2.00,2.20
2010.10.07 09:16:21.717,1.4107,1.41105,2.00,2.10
2010.10.07 09:16:22.793,1.4107,1.41105,2.00,2.30
2010.10.07 09:16:23.610,1.4107,1.41105,2.00,2.20
2010.10.07 09:16:25.658,1.4107,1.41105,2.00,2.30
2010.10.07 09:16:27.368,1.4107,1.41105,2.00,2.20
2010.10.07 09:16:27.608,1.4107,1.41105,2.00,2.30
2010.10.07 09:16:27.913,1.4107,1.41105,2.00,2.10
2010.10.07 09:16:28.477,1.4107,1.41105,2.80,2.10
2010.10.07 09:16:28.623,1.41075,1.4111,1.00,1.60
2010.10.07 09:16:29.309,1.4107,1.4111,3.40,1.60
2010.10.07 09:16:29.491,1.4107,1.41105,2.00,1.00
2010.10.07 09:16:30.254,1.41065,1.41105,4.50,1.00
2010.10.07 09:16:31.020,1.41065,1.41105,4.40,1.00
2010.10.07 09:16:31.242,1.4107,1.41105,1.20,2.10
2010.10.07 09:16:31.583,1.41065,1.41105,1.20,2.20
2010.10.07 09:16:32.427,1.41065,1.41105,1.00,2.20
2010.10.07 09:16:32.734,1.41065,1.41105,1.00,2.30
2010.10.07 09:16:33.040,1.41065,1.41105,1.00,2.10
2010.10.07 09:16:34.452,1.41065,1.41105,1.00,2.20
2010.10.07 09:16:35.400,1.41065,1.41105,1.10,2.20
2010.10.07 09:16:35.579,1.41065,1.41105,1.10,2.10
2010.10.07 09:16:36.453,1.41065,1.41105,1.10,2.10
2010.10.07 09:16:37.029,1.41065,1.41105,1.10,2.20
2010.10.07 09:16:40.309,1.41065,1.41105,1.10,2.10
2010.10.07 09:16:40.580,1.4107,1.41105,1.00,1.60
2010.10.07 09:16:41.162,1.4107,1.41105,1.70,1.00
2010.10.07 09:16:41.468,1.4107,1.41105,1.00,1.00
2010.10.07 09:16:41.759,1.4107,1.41105,1.00,1.00
2010.10.07 09:16:42.378,1.4107,1.41105,1.00,1.00
2010.10.07 09:16:43.041,1.4107,1.41105,1.00,1.00
2010.10.07 09:16:43.656,1.41065,1.41105,3.60,1.00
2010.10.07 09:16:44.338,1.4107,1.41105,1.00,1.00
2010.10.07 09:16:44.643,1.41065,1.41105,3.70,1.00
2010.10.07 09:16:44.848,1.41065,1.41105,3.40,1.00
2010.10.07 09:16:45.652,1.41065,1.41105,3.90,1.40
2010.10.07 09:16:45.823,1.41065,1.411,1.10,1.00
2010.10.07 09:16:48.369,1.41065,1.411,1.10,1.00
2010.10.07 09:16:49.041,1.41065,1.411,1.10,1.00
2010.10.07 09:16:49.609,1.41065,1.411,1.10,1.60
2010.10.07 09:16:49.699,1.41065,1.411,1.00,1.60
2010.10.07 09:16:50.723,1.4106,1.411,2.50,1.70
2010.10.07 09:16:50.990,1.4106,1.411,2.50,1.60
2010.10.07 09:16:51.261,1.4106,1.411,4.90,1.00
2010.10.07 09:16:51.870,1.41065,1.411,1.00,1.00
2010.10.07 09:16:52.752,1.41065,1.411,1.00,1.00
2010.10.07 09:16:53.409,1.41065,1.411,1.00,1.00
2010.10.07 09:16:54.030,1.41065,1.411,1.00,1.00
2010.10.07 09:16:54.310,1.4106,1.411,5.10,1.40
2010.10.07 09:16:54.575,1.41065,1.411,1.60,1.30
2010.10.07 09:16:55.467,1.41065,1.41105,2.60,1.00
2010.10.07 09:16:55.813,1.41065,1.411,1.00,1.00
2010.10.07 09:16:56.721,1.4106,1.411,2.10,1.00
2010.10.07 09:16:57.401,1.4106,1.411,3.70,1.00
2010.10.07 09:16:58.319,1.41065,1.41105,1.30,3.20
2010.10.07 09:16:58.665,1.41065,1.4109,1.70,1.00
2010.10.07 09:16:59.195,1.41065,1.4109,1.30,1.00
2010.10.07 09:16:59.485,1.4106,1.4109,1.30,1.00
2010.10.07 09:17:01.388,1.4106,1.4109,3.10,1.00
2010.10.07 09:17:01.569,1.41065,1.411,1.00,1.30
2010.10.07 09:17:02.271,1.41065,1.41105,1.40,1.60
2010.10.07 09:17:02.623,1.41065,1.41105,1.70,1.60
2010.10.07 09:17:04.031,1.4107,1.411,1.60,1.60
2010.10.07 09:17:04.284,1.4107,1.4111,2.10,1.60
2010.10.07 09:17:04.545,1.4108,1.41105,2.60,1.00
2010.10.07 09:17:05.410,1.41095,1.4113,1.60,1.60
2010.10.07 09:17:06.249,1.4109,1.4113,3.60,1.40
2010.10.07 09:17:06.572,1.4109,1.4113,3.50,1.00
2010.10.07 09:17:06.909,1.4109,1.4113,5.10,1.00
2010.10.07 09:17:08.273,1.411,1.4113,2.10,1.00
2010.10.07 09:17:09.041,1.411,1.41135,1.60,1.30
2010.10.07 09:17:09.394,1.411,1.41135,2.10,1.60
2010.10.07 09:17:11.439,1.411,1.41135,1.00,1.60
2010.10.07 09:17:11.549,1.41095,1.41135,1.20,2.10
2010.10.07 09:17:11.659,1.41095,1.41135,2.80,1.60
2010.10.07 09:17:12.373,1.41095,1.41135,2.70,1.60
2010.10.07 09:17:12.689,1.411,1.41135,2.50,1.30
2010.10.07 09:17:13.005,1.411,1.41135,3.70,1.00
2010.10.07 09:17:13.851,1.411,1.41135,4.10,1.00
2010.10.07 09:17:14.189,1.411,1.41135,3.70,1.00
2010.10.07 09:17:14.530,1.411,1.41135,4.10,1.00
2010.10.07 09:17:15.386,1.411,1.4114,4.50,1.60
2010.10.07 09:17:15.687,1.411,1.4114,4.90,1.60
2010.10.07 09:17:15.889,1.411,1.4114,4.90,1.70
2010.10.07 09:17:16.091,1.411,1.4114,4.50,1.70
2010.10.07 09:17:17.793,1.411,1.4114,4.60,1.60
2010.10.07 09:17:18.051,1.411,1.4114,5.00,1.60
2010.10.07 09:17:19.047,1.4111,1.4114,1.60,1.70
2010.10.07 09:17:19.289,1.4111,1.4114,1.60,1.60
2010.10.07 09:17:20.554,1.4113,1.4115,1.00,1.00
2010.10.07 09:17:20.757,1.41135,1.4116,1.00,1.00
2010.10.07 09:17:21.511,1.4114,1.4118,1.90,1.00
2010.10.07 09:17:21.854,1.41145,1.4118,1.30,1.00
2010.10.07 09:17:22.551,1.41145,1.4118,1.30,1.00
2010.10.07 09:17:22.856,1.4114,1.4118,1.70,1.00
2010.10.07 09:17:23.160,1.4114,1.4118,3.30,1.00
2010.10.07 09:17:24.014,1.4117,1.41185,1.00,2.00
2010.10.07 09:17:24.310,1.4116,1.412,2.30,2.10
2010.10.07 09:17:25.130,1.4116,1.4119,1.00,1.60
2010.10.07 09:17:25.448,1.4115,1.41185,1.70,1.00
2010.10.07 09:17:26.499,1.4115,1.41185,1.30,1.00
2010.10.07 09:17:26.785,1.41145,1.41185,2.40,2.00
2010.10.07 09:17:27.349,1.41145,1.4118,1.90,1.60
2010.10.07 09:17:27.636,1.41145,1.4118,1.00,1.80
2010.10.07 09:17:28.288,1.4114,1.41175,1.60,1.20
2010.10.07 09:17:28.607,1.41135,1.41175,4.10,2.10
2010.10.07 09:17:29.420,1.41135,1.4116,1.00,1.80
2010.10.07 09:17:29.731,1.41125,1.4116,2.90,1.00
2010.10.07 09:17:30.587,1.4113,1.4116,1.00,1.00
2010.10.07 09:17:33.135,1.4113,1.41165,2.30,1.00
2010.10.07 09:17:33.701,1.4113,1.41165,3.90,1.00
2010.10.07 09:17:34.032,1.4114,1.4118,2.90,1.90
2010.10.07 09:17:35.517,1.4114,1.4117,1.30,1.00
2010.10.07 09:17:35.692,1.4114,1.4117,1.00,1.00
2010.10.07 09:17:37.383,1.4114,1.41175,1.30,1.00
2010.10.07 09:17:37.708,1.41145,1.4118,1.30,1.00
2010.10.07 09:17:39.051,1.41145,1.4118,1.30,1.00
2010.10.07 09:17:40.680,1.41145,1.4118,1.30,1.00
2010.10.07 09:17:40.890,1.41145,1.4118,1.30,2.20
2010.10.07 09:17:41.098,1.41145,1.4118,1.30,1.00
2010.10.07 09:17:41.522,1.41145,1.4118,1.30,1.00
2010.10.07 09:17:42.283,1.41145,1.4118,1.30,1.00
2010.10.07 09:17:42.497,1.4115,1.41185,1.00,2.00
2010.10.07 09:17:42.717,1.4115,1.41185,1.10,2.20
2010.10.07 09:17:43.530,1.4115,1.41185,1.00,1.10
2010.10.07 09:17:44.610,1.41145,1.41185,1.30,1.90
2010.10.07 09:17:45.419,1.41145,1.4118,1.30,1.00
2010.10.07 09:17:45.611,1.41145,1.41175,1.30,1.00
2010.10.07 09:17:46.337,1.41145,1.41175,1.00,1.00
2010.10.07 09:17:46.536,1.41135,1.4117,1.00,3.20
2010.10.07 09:17:46.882,1.4113,1.4117,3.50,3.30
2010.10.07 09:17:47.781,1.41135,1.4117,1.00,2.50
2010.10.07 09:17:48.440,1.41135,1.4117,1.00,2.40
2010.10.07 09:17:49.549,1.4114,1.4118,1.30,1.60
2010.10.07 09:17:49.795,1.41145,1.4118,1.00,1.00
2010.10.07 09:17:49.951,1.41145,1.4118,1.90,1.00
2010.10.07 09:17:51.062,1.41145,1.41185,1.90,2.40
2010.10.07 09:17:51.241,1.41145,1.41185,1.90,2.50
2010.10.07 09:17:52.810,1.41145,1.41185,1.10,2.50
2010.10.07 09:17:54.215,1.41145,1.4118,1.10,1.00
2010.10.07 09:17:55.590,1.41145,1.41175,1.00,1.80
2010.10.07 09:17:55.904,1.41145,1.41175,1.00,1.60
2010.10.07 09:17:56.964,1.41145,1.4117,1.00,1.80
2010.10.07 09:17:57.274,1.41145,1.4118,1.00,3.90
2010.10.07 09:17:58.019,1.41145,1.4117,1.00,2.30
2010.10.07 09:17:58.980,1.4114,1.4117,1.70,2.30
2010.10.07 09:17:59.300,1.4114,1.4117,1.30,2.30
2010.10.07 09:18:00.506,1.4114,1.4117,1.30,1.00
2010.10.07 09:18:01.074,1.4114,1.4117,1.30,1.00
2010.10.07 09:18:01.272,1.41135,1.4117,1.00,1.70
2010.10.07 09:18:03.761,1.41135,1.4117,1.00,1.50
2010.10.07 09:18:05.298,1.41135,1.4117,1.00,1.70
2010.10.07 09:18:06.548,1.41135,1.4117,1.00,1.60
2010.10.07 09:18:07.800,1.41135,1.41165,1.00,1.00
2010.10.07 09:18:08.020,1.41135,1.4117,1.00,2.40
2010.10.07 09:18:09.069,1.41135,1.41165,1.00,1.00
2010.10.07 09:18:09.809,1.41135,1.4117,1.00,2.40
2010.10.07 09:18:10.870,1.41135,1.4117,1.00,2.50
2010.10.07 09:18:11.212,1.41135,1.4116,1.00,1.00
2010.10.07 09:18:11.331,1.41135,1.4116,1.00,1.50
2010.10.07 09:18:11.909,1.41135,1.4116,1.00,2.30
2010.10.07 09:18:12.037,1.41135,1.4116,1.00,2.50
2010.10.07 09:18:13.067,1.41135,1.4116,1.00,2.40
2010.10.07 09:18:13.414,1.41135,1.4116,1.00,2.10
2010.10.07 09:18:13.998,1.41135,1.4116,1.00,1.60
2010.10.07 09:18:14.328,1.41135,1.4117,1.00,1.60
2010.10.07 09:18:14.602,1.41135,1.4117,1.00,2.40
2010.10.07 09:18:17.425,1.41135,1.4116,1.00,1.50
2010.10.07 09:18:19.140,1.41135,1.4116,1.00,1.00
2010.10.07 09:18:20.914,1.41135,1.4116,1.00,2.40
2010.10.07 09:18:21.572,1.41135,1.4116,1.00,2.50
2010.10.07 09:18:24.949,1.41135,1.41155,1.00,1.60
2010.10.07 09:18:25.102,1.41135,1.41155,1.00,2.30
2010.10.07 09:18:25.253,1.41135,1.41155,1.00,3.90
2010.10.07 09:18:25.400,1.4112,1.41155,1.60,3.90
2010.10.07 09:18:26.072,1.4112,1.41155,2.10,3.20
2010.10.07 09:18:26.367,1.41135,1.41155,1.00,1.60
2010.10.07 09:18:26.651,1.41135,1.41155,1.00,1.60
2010.10.07 09:18:40.840,1.41135,1.4116,1.00,2.10
2010.10.07 09:18:41.919,1.41135,1.4116,1.00,1.60
2010.10.07 09:18:42.129,1.41135,1.4116,1.00,1.00
2010.10.07 09:18:42.325,1.41135,1.4117,1.00,3.10
2010.10.07 09:18:43.161,1.41135,1.4117,1.00,2.30
2010.10.07 09:18:43.482,1.41135,1.4117,1.00,2.20
2010.10.07 09:18:43.661,1.41135,1.4117,1.00,2.30
2010.10.07 09:18:44.200,1.41135,1.4117,2.50,2.20
2010.10.07 09:18:44.383,1.4114,1.4117,1.00,3.80
2010.10.07 09:18:44.569,1.41135,1.41165,1.00,2.20
2010.10.07 09:18:45.140,1.41135,1.41165,1.00,4.20
2010.10.07 09:18:45.392,1.41115,1.4115,2.90,1.00
2010.10.07 09:18:47.080,1.41115,1.4115,1.30,1.00
2010.10.07 09:18:47.321,1.41115,1.4115,3.00,1.00
2010.10.07 09:18:48.101,1.4112,1.4115,1.30,1.00
2010.10.07 09:18:48.298,1.41135,1.4116,1.00,1.00
2010.10.07 09:18:48.492,1.41135,1.4116,1.00,2.20
2010.10.07 09:18:49.231,1.41135,1.4116,1.00,2.30
2010.10.07 09:18:49.570,1.41135,1.4116,1.00,2.20
2010.10.07 09:18:51.288,1.41135,1.4116,1.00,2.30
2010.10.07 09:18:54.862,1.41135,1.4116,1.00,2.20
2010.10.07 09:18:55.010,1.41135,1.4116,1.00,1.00
2010.10.07 09:18:55.309,1.41135,1.4116,1.00,1.00
2010.10.07 09:18:55.767,1.41135,1.41155,1.00,1.60
2010.10.07 09:18:56.478,1.41135,1.4115,1.00,1.00
2010.10.07 09:18:56.825,1.4112,1.41155,1.00,2.40
2010.10.07 09:18:57.679,1.41135,1.4116,1.00,2.20
2010.10.07 09:18:58.294,1.41135,1.4116,1.00,1.60
2010.10.07 09:18:58.454,1.41135,1.4116,1.00,2.20
2010.10.07 09:18:58.770,1.41135,1.4116,1.00,2.10
2010.10.07 09:18:59.326,1.41135,1.4116,1.00,2.30
2010.10.07 09:19:00.460,1.41135,1.4116,1.00,2.10
2010.10.07 09:19:03.342,1.41135,1.41155,1.00,1.00
2010.10.07 09:19:05.323,1.41135,1.4117,2.00,2.30
2010.10.07 09:19:05.524,1.41135,1.4117,2.50,1.00
2010.10.07 09:19:06.332,1.41135,1.4117,1.00,2.20
2010.10.07 09:19:06.671,1.41135,1.41165,1.00,1.00
2010.10.07 09:19:08.910,1.4114,1.4117,1.00,3.20
2010.10.07 09:19:09.494,1.41135,1.4117,1.00,2.40
2010.10.07 09:19:09.691,1.4114,1.4117,1.00,1.00
2010.10.07 09:19:10.210,1.4114,1.4117,1.00,1.60
2010.10.07 09:19:10.765,1.4114,1.41165,1.00,1.00
2010.10.07 09:19:11.105,1.41125,1.4116,1.00,1.00
2010.10.07 09:19:11.442,1.41135,1.41165,1.00,1.60
2010.10.07 09:19:11.789,1.41135,1.41165,1.00,2.30
2010.10.07 09:19:12.071,1.41135,1.41165,1.00,2.10
2010.10.07 09:19:12.351,1.41135,1.41165,1.00,1.30
2010.10.07 09:19:13.898,1.41135,1.41165,1.00,1.50
2010.10.07 09:19:14.642,1.41135,1.41165,1.00,1.40
2010.10.07 09:19:15.598,1.41135,1.41165,1.00,1.50
2010.10.07 09:19:19.079,1.41135,1.41165,1.00,1.40
2010.10.07 09:19:19.163,1.41135,1.41165,1.00,1.50
2010.10.07 09:19:22.209,1.41135,1.41165,1.00,1.30
2010.10.07 09:19:22.439,1.41135,1.41165,1.00,1.00
2010.10.07 09:19:22.670,1.41135,1.4117,1.00,1.60
2010.10.07 09:19:23.315,1.41135,1.4117,1.00,1.70
2010.10.07 09:19:23.481,1.41135,1.4117,1.00,1.60
2010.10.07 09:19:23.994,1.41135,1.41175,1.00,1.90
2010.10.07 09:19:24.332,1.41135,1.4117,1.00,1.00
2010.10.07 09:19:25.500,1.41135,1.4117,1.00,1.60
2010.10.07 09:19:27.288,1.41135,1.41165,1.00,1.00
2010.10.07 09:19:27.551,1.41135,1.4117,1.00,2.30
2010.10.07 09:19:27.821,1.41135,1.4117,1.00,1.70
2010.10.07 09:19:29.306,1.41145,1.4118,1.00,1.30
2010.10.07 09:19:30.082,1.41145,1.4118,1.00,1.00
2010.10.07 09:19:30.550,1.41145,1.4118,1.00,1.00
2010.10.07 09:19:30.891,1.41145,1.41175,1.00,1.00
2010.10.07 09:19:31.745,1.4114,1.41175,1.70,1.00
2010.10.07 09:19:32.510,1.4114,1.41175,1.70,1.00
2010.10.07 09:19:33.350,1.4114,1.41175,1.70,1.00
2010.10.07 09:19:34.371,1.4114,1.4118,1.70,3.40
2010.10.07 09:19:34.564,1.4114,1.4118,1.70,1.80
2010.10.07 09:19:34.759,1.4114,1.4118,1.70,1.60
2010.10.07 09:19:35.711,1.4114,1.4118,1.70,1.70
2010.10.07 09:19:36.922,1.4114,1.4118,1.70,1.60
2010.10.07 09:19:37.152,1.4114,1.4118,1.70,1.70
2010.10.07 09:19:37.379,1.4114,1.4118,3.30,1.70
2010.10.07 09:19:39.698,1.4114,1.4118,3.30,1.60
2010.10.07 09:19:41.496,1.4114,1.41175,1.00,1.00
2010.10.07 09:19:43.269,1.41145,1.4118,1.00,1.00
2010.10.07 09:19:43.836,1.41145,1.4118,1.00,1.00
2010.10.07 09:19:44.147,1.4115,1.41185,1.00,1.00
2010.10.07 09:19:44.874,1.4115,1.41185,1.00,1.00
2010.10.07 09:19:45.247,1.41145,1.41185,1.70,1.00
2010.10.07 09:19:46.270,1.41145,1.41185,1.70,1.00
2010.10.07 09:19:49.822,1.41145,1.41185,1.90,1.00
2010.10.07 09:19:49.896,1.4115,1.41185,1.00,1.00
2010.10.07 09:19:50.449,1.4115,1.41185,1.00,1.00
2010.10.07 09:19:51.368,1.4115,1.41185,1.00,1.00
2010.10.07 09:19:52.051,1.4115,1.41185,1.00,1.00
2010.10.07 09:19:52.450,1.4115,1.41185,1.00,1.00
2010.10.07 09:19:53.421,1.4115,1.41185,1.00,1.00
2010.10.07 09:19:53.889,1.4115,1.41185,1.00,1.00
2010.10.07 09:19:54.490,1.4115,1.41175,1.00,1.00
2010.10.07 09:19:54.760,1.41145,1.41175,1.00,1.00
2010.10.07 09:19:54.900,1.4114,1.41175,1.00,1.00
2010.10.07 09:19:55.753,1.41145,1.4118,1.00,1.00
2010.10.07 09:19:55.911,1.41145,1.41185,1.00,2.20
2010.10.07 09:19:56.069,1.41145,1.41185,1.00,1.60
2010.10.07 09:19:56.379,1.4115,1.41185,1.00,1.60
2010.10.07 09:19:56.541,1.4115,1.41185,1.00,1.00
2010.10.07 09:19:57.392,1.4115,1.41185,1.00,1.00
2010.10.07 09:19:58.242,1.4115,1.4118,1.00,1.00
2010.10.07 09:19:59.066,1.4114,1.41175,1.00,1.00
2010.10.07 09:19:59.225,1.4114,1.41175,1.00,1.80
2010.10.07 09:19:59.573,1.4114,1.41175,1.00,1.80
2010.10.07 09:20:01.341,1.4114,1.41175,1.00,1.90
2010.10.07 09:20:02.971,1.4114,1.4117,1.00,1.80
2010.10.07 09:20:03.221,1.41145,1.4117,1.60,1.60
2010.10.07 09:20:03.472,1.41135,1.41165,1.00,1.30
2010.10.07 09:20:03.721,1.41135,1.41165,1.00,1.00
2010.10.07 09:20:04.264,1.41135,1.4117,1.00,1.80
2010.10.07 09:20:04.602,1.41135,1.4117,1.00,1.60
2010.10.07 09:20:04.941,1.41135,1.41175,1.00,2.50
2010.10.07 09:20:05.809,1.4114,1.41175,1.00,2.50
2010.10.07 09:20:05.983,1.41145,1.41185,2.30,4.00
2010.10.07 09:20:06.479,1.41145,1.41185,1.90,4.00
2010.10.07 09:20:07.097,1.41145,1.41185,2.30,4.10
2010.10.07 09:20:07.819,1.41145,1.41185,2.30,4.00
2010.10.07 09:20:08.060,1.41145,1.4118,1.10,1.00
2010.10.07 09:20:08.741,1.41145,1.41185,2.10,3.00
2010.10.07 09:20:08.959,1.4115,1.41185,2.30,1.60
2010.10.07 09:20:09.713,1.41155,1.41195,1.90,3.10
2010.10.07 09:20:09.849,1.4116,1.41195,1.00,3.20
2010.10.07 09:20:10.600,1.4116,1.4119,1.00,1.00
2010.10.07 09:20:10.941,1.4116,1.4119,1.00,1.00
2010.10.07 09:20:11.952,1.4116,1.4119,1.30,1.00
2010.10.07 09:20:16.723,1.4116,1.4119,1.30,1.00
2010.10.07 09:20:17.250,1.4116,1.4119,1.00,1.00
2010.10.07 09:20:17.520,1.4116,1.41195,1.00,1.00
2010.10.07 09:20:18.345,1.4116,1.41195,1.00,1.00
2010.10.07 09:20:18.645,1.4116,1.41195,1.00,1.00
2010.10.07 09:20:18.813,1.4116,1.41195,1.00,1.00
2010.10.07 09:20:19.713,1.41155,1.4119,1.00,1.00
2010.10.07 09:20:19.941,1.4115,1.4119,1.70,1.00
2010.10.07 09:20:20.171,1.4115,1.4119,1.70,1.00
2010.10.07 09:20:21.919,1.4115,1.4119,1.70,1.00
2010.10.07 09:20:23.251,1.41155,1.4119,1.00,1.00
2010.10.07 09:20:23.429,1.41155,1.4119,1.00,1.00
2010.10.07 09:20:23.521,1.41155,1.4119,1.00,1.10
2010.10.07 09:20:23.609,1.41155,1.4119,1.00,1.70
2010.10.07 09:20:24.495,1.4116,1.4119,1.00,1.00
2010.10.07 09:20:25.990,1.4116,1.4118,1.00,1.60
2010.10.07 09:20:26.203,1.41155,1.4118,1.30,1.60
2010.10.07 09:20:26.410,1.41155,1.4118,1.00,1.60
2010.10.07 09:20:33.197,1.4115,1.4118,1.30,1.60
2010.10.07 09:20:35.718,1.41155,1.4118,1.30,1.60
2010.10.07 09:20:35.900,1.41155,1.41185,1.30,1.00
2010.10.07 09:20:36.102,1.41155,1.4119,1.30,1.70
2010.10.07 09:20:36.871,1.41155,1.4119,1.30,1.90
2010.10.07 09:20:38.792,1.41155,1.41185,1.30,1.00
2010.10.07 09:20:38.991,1.41155,1.4118,1.30,1.60
2010.10.07 09:20:54.461,1.41155,1.4118,1.00,1.60
2010.10.07 09:20:54.642,1.4115,1.4118,1.30,1.60
2010.10.07 09:20:54.822,1.4115,1.4118,1.30,1.60
2010.10.07 09:20:56.693,1.4115,1.4118,1.00,1.60
2010.10.07 09:20:57.482,1.4115,1.4118,1.00,1.70
2010.10.07 09:20:58.212,1.4115,1.41175,2.10,1.00
2010.10.07 09:20:58.456,1.41155,1.4119,1.00,1.30
2010.10.07 09:20:59.214,1.4116,1.4119,1.00,1.00
2010.10.07 09:20:59.454,1.4116,1.41195,1.70,1.00
2010.10.07 09:20:59.693,1.4116,1.412,1.70,3.70
2010.10.07 09:21:01.131,1.4116,1.41195,1.70,1.00
2010.10.07 09:21:01.870,1.41155,1.41195,1.90,1.60
2010.10.07 09:21:02.519,1.41155,1.41195,2.20,1.60
2010.10.07 09:21:03.150,1.41155,1.41195,2.20,3.20
2010.10.07 09:21:03.369,1.41155,1.4119,1.00,1.20
2010.10.07 09:21:03.582,1.41155,1.4119,1.00,1.30
2010.10.07 09:21:04.442,1.4115,1.4119,1.70,1.20
2010.10.07 09:21:04.786,1.41155,1.4119,1.00,1.20
2010.10.07 09:21:08.817,1.4116,1.4119,1.50,1.00
2010.10.07 09:21:08.919,1.4116,1.412,1.70,3.60
2010.10.07 09:21:09.829,1.4116,1.412,1.70,3.70
2010.10.07 09:21:10.510,1.41165,1.412,1.00,2.10
2010.10.07 09:21:12.019,1.4116,1.412,1.70,3.70
2010.10.07 09:21:13.206,1.4116,1.412,1.70,3.80
2010.10.07 09:21:13.680,1.4116,1.41195,1.00,1.00
2010.10.07 09:21:14.673,1.41155,1.41195,2.00,1.00
2010.10.07 09:21:14.959,1.4116,1.41195,1.60,1.00
2010.10.07 09:21:15.252,1.41165,1.412,1.00,1.30
2010.10.07 09:21:16.115,1.41165,1.41195,1.00,1.00
2010.10.07 09:21:19.473,1.4116,1.41195,1.30,1.00
2010.10.07 09:21:21.028,1.4116,1.41195,1.30,1.00
2010.10.07 09:21:21.200,1.4116,1.41185,1.30,1.00
2010.10.07 09:21:21.930,1.4115,1.4118,1.00,1.00
2010.10.07 09:21:23.519,1.4115,1.41185,1.00,1.00
2010.10.07 09:21:24.186,1.4115,1.4119,1.00,3.80
2010.10.07 09:21:24.448,1.4115,1.4119,1.70,1.40
2010.10.07 09:21:25.767,1.41145,1.41175,1.70,1.00
2010.10.07 09:21:26.055,1.41145,1.41175,1.00,1.00
2010.10.07 09:21:26.344,1.4114,1.41175,3.30,1.00
2010.10.07 09:21:30.973,1.4114,1.41175,3.50,1.00
2010.10.07 09:21:31.142,1.41145,1.41175,1.30,1.00
2010.10.07 09:21:31.740,1.41145,1.41175,1.40,1.00
2010.10.07 09:21:32.082,1.41145,1.41185,1.70,3.00
2010.10.07 09:21:32.688,1.41145,1.4118,1.70,1.00
2010.10.07 09:21:33.539,1.41145,1.41185,1.80,2.90
2010.10.07 09:21:34.145,1.4115,1.41185,1.60,1.30
2010.10.07 09:21:34.262,1.4115,1.41185,1.60,1.40
2010.10.07 09:21:34.493,1.4115,1.41185,1.60,1.30
2010.10.07 09:21:35.860,1.4115,1.41185,1.60,2.90
2010.10.07 09:21:36.796,1.4115,1.41185,1.60,3.00
2010.10.07 09:21:38.779,1.4115,1.4118,1.60,1.00
2010.10.07 09:21:40.193,1.4115,1.41185,1.60,3.00
2010.10.07 09:21:43.552,1.41145,1.41175,1.70,1.00
2010.10.07 09:21:43.719,1.41145,1.41175,1.00,1.00
2010.10.07 09:21:43.882,1.41145,1.41175,1.00,2.00
2010.10.07 09:21:44.820,1.4115,1.4118,1.00,1.00
2010.10.07 09:22:02.549,1.41145,1.4118,1.70,1.00
2010.10.07 09:22:03.369,1.41145,1.4118,1.00,1.60
2010.10.07 09:22:03.634,1.41145,1.4118,1.00,1.00
2010.10.07 09:22:04.421,1.41145,1.41185,1.00,3.30
2010.10.07 09:22:04.714,1.41145,1.4118,1.00,1.30
2010.10.07 09:22:05.881,1.41145,1.4118,1.00,1.40
2010.10.07 09:22:07.175,1.4115,1.41185,1.00,1.00
2010.10.07 09:22:07.327,1.4115,1.4119,1.00,2.20
2010.10.07 09:22:07.470,1.4115,1.4119,1.30,1.40
2010.10.07 09:22:08.144,1.4115,1.4119,1.70,1.40
2010.10.07 09:22:08.480,1.4115,1.4119,1.70,2.80
2010.10.07 09:22:09.159,1.4115,1.4119,1.70,3.00
2010.10.07 09:22:10.029,1.4115,1.4118,1.00,1.00
2010.10.07 09:22:10.376,1.41145,1.4118,1.20,1.00
2010.10.07 09:22:11.063,1.41145,1.41175,1.00,1.00
2010.10.07 09:22:11.332,1.41145,1.4117,1.00,1.00
2010.10.07 09:22:11.604,1.41145,1.4118,1.00,3.80
2010.10.07 09:22:12.485,1.41145,1.4118,1.70,1.00
2010.10.07 09:22:12.831,1.41145,1.4118,1.70,1.00
2010.10.07 09:22:15.150,1.41145,1.4118,1.00,1.40
2010.10.07 09:22:16.042,1.41145,1.4118,1.00,3.00
2010.10.07 09:22:16.270,1.41145,1.4118,1.00,1.40
2010.10.07 09:22:21.673,1.41145,1.4118,1.00,1.20
2010.10.07 09:22:23.014,1.41145,1.4118,1.00,1.30
2010.10.07 09:22:24.831,1.41145,1.4117,1.00,1.00
2010.10.07 09:22:25.025,1.41145,1.4117,1.00,1.20
2010.10.07 09:22:25.741,1.41145,1.4117,1.00,1.40
2010.10.07 09:22:25.938,1.4114,1.41165,1.00,1.00
2010.10.07 09:22:26.796,1.4114,1.4117,1.00,1.30
2010.10.07 09:22:29.244,1.4114,1.4117,1.00,1.00
2010.10.07 09:22:29.389,1.4114,1.41175,1.00,1.60
2010.10.07 09:22:29.919,1.41145,1.41175,1.00,1.60
2010.10.07 09:22:32.041,1.41145,1.41175,1.00,1.00
2010.10.07 09:22:33.124,1.41145,1.41175,1.00,1.90
2010.10.07 09:22:33.665,1.41145,1.41175,1.00,2.40
2010.10.07 09:22:34.015,1.41145,1.4117,1.00,1.00
2010.10.07 09:22:36.104,1.41145,1.41175,1.00,1.60
2010.10.07 09:22:36.867,1.41145,1.4118,1.00,1.70
2010.10.07 09:22:37.250,1.41145,1.41175,1.00,1.00
2010.10.07 09:22:39.664,1.41145,1.41175,1.00,2.40
2010.10.07 09:22:39.891,1.41145,1.41175,1.00,1.30
2010.10.07 09:22:40.120,1.41145,1.41175,1.00,1.00
2010.10.07 09:22:40.662,1.41145,1.41175,1.00,1.00
2010.10.07 09:22:41.003,1.41145,1.4118,1.00,1.70
2010.10.07 09:22:41.346,1.41145,1.4118,1.00,1.70
2010.10.07 09:22:41.692,1.4115,1.41185,1.00,1.30
2010.10.07 09:22:42.332,1.4115,1.41185,1.00,1.00
2010.10.07 09:22:42.680,1.4115,1.4118,1.00,1.00
2010.10.07 09:22:43.005,1.4115,1.4118,1.00,1.00
2010.10.07 09:22:44.135,1.4115,1.4118,1.00,1.00
2010.10.07 09:22:44.282,1.4115,1.4118,1.00,1.00
2010.10.07 09:22:47.736,1.4115,1.4119,1.70,3.70
2010.10.07 09:22:48.084,1.4115,1.4119,1.70,1.00
2010.10.07 09:22:48.832,1.4115,1.4119,1.70,2.20
2010.10.07 09:22:49.174,1.41155,1.4119,1.30,1.00
2010.10.07 09:22:49.526,1.41155,1.4119,1.70,1.00
2010.10.07 09:22:49.887,1.4116,1.4119,1.00,1.00
2010.10.07 09:22:53.211,1.4116,1.4119,1.00,1.00
2010.10.07 09:22:53.545,1.41155,1.4118,1.00,1.00
2010.10.07 09:22:54.258,1.4115,1.4118,1.70,1.00
2010.10.07 09:22:54.606,1.41145,1.4118,1.70,1.00
2010.10.07 09:22:57.212,1.41145,1.4118,1.00,1.00
2010.10.07 09:22:57.310,1.41145,1.41175,1.00,1.00
2010.10.07 09:22:57.754,1.41145,1.4117,1.00,1.00
2010.10.07 09:22:58.325,1.4114,1.4117,1.00,1.00
2010.10.07 09:22:58.590,1.41145,1.41175,1.00,1.00
2010.10.07 09:22:58.850,1.4114,1.4117,1.00,1.00
2010.10.07 09:22:59.620,1.41145,1.4117,1.00,1.00
2010.10.07 09:22:59.843,1.4114,1.4117,1.00,1.00
2010.10.07 09:23:00.933,1.4114,1.41175,1.00,1.60
2010.10.07 09:23:01.613,1.41145,1.41175,1.00,1.60
2010.10.07 09:23:02.773,1.41145,1.4117,1.00,1.00
2010.10.07 09:23:03.200,1.41145,1.4117,1.00,1.00
2010.10.07 09:23:04.023,1.4114,1.41175,1.00,1.40
2010.10.07 09:23:04.215,1.41145,1.41175,1.00,1.60
2010.10.07 09:23:04.401,1.41145,1.41175,1.00,1.40
2010.10.07 09:23:04.592,1.41145,1.41175,1.00,1.60
2010.10.07 09:23:05.452,1.41145,1.41175,1.00,1.00
2010.10.07 09:23:05.735,1.4114,1.41175,1.00,1.40
2010.10.07 09:23:06.638,1.4114,1.41175,1.00,1.60
2010.10.07 09:23:06.941,1.4114,1.41175,1.00,1.50
2010.10.07 09:23:07.866,1.41145,1.41175,1.00,1.50
2010.10.07 09:23:09.356,1.41145,1.41175,1.00,1.60
2010.10.07 09:23:10.029,1.41145,1.41175,1.00,1.50
2010.10.07 09:23:11.653,1.41145,1.4117,1.00,1.00
2010.10.07 09:23:11.770,1.41145,1.4117,1.00,1.00
2010.10.07 09:23:11.890,1.41145,1.41165,1.00,1.00
2010.10.07 09:23:12.009,1.4114,1.41165,1.00,1.00
2010.10.07 09:23:13.015,1.4114,1.41165,1.00,1.00
2010.10.07 09:23:14.349,1.4114,1.41165,1.00,1.00
2010.10.07 09:23:15.520,1.4114,1.4116,1.00,1.00
2010.10.07 09:23:16.043,1.4114,1.4116,1.00,1.00
2010.10.07 09:23:16.166,1.4113,1.41165,1.00,1.00
2010.10.07 09:23:16.291,1.4114,1.41165,1.00,1.00
2010.10.07 09:23:16.412,1.4114,1.4116,1.00,1.00
2010.10.07 09:23:17.414,1.41135,1.4117,1.20,1.30
2010.10.07 09:23:17.753,1.4114,1.4117,1.00,1.20
2010.10.07 09:23:18.643,1.4114,1.4117,1.00,1.00
2010.10.07 09:23:19.841,1.4114,1.4117,1.00,1.00
2010.10.07 09:23:20.112,1.4114,1.4117,1.00,1.00
2010.10.07 09:23:21.242,1.4114,1.41165,1.00,1.00
2010.10.07 09:23:21.571,1.41145,1.41165,1.00,1.00
2010.10.07 09:23:21.900,1.41145,1.4117,1.00,1.00
2010.10.07 09:23:23.214,1.41145,1.4117,1.00,1.00
2010.10.07 09:23:23.475,1.4114,1.4117,1.00,1.00
2010.10.07 09:23:24.373,1.41145,1.4118,1.70,1.30
2010.10.07 09:23:24.712,1.41145,1.4118,1.70,1.40
2010.10.07 09:23:24.992,1.41145,1.4118,1.70,1.30
2010.10.07 09:23:26.250,1.41145,1.4118,1.70,1.40
2010.10.07 09:23:30.030,1.41145,1.4118,1.00,1.40
2010.10.07 09:23:30.373,1.41145,1.41175,1.00,1.00
2010.10.07 09:23:33.973,1.41145,1.4117,1.00,1.00
2010.10.07 09:23:39.380,1.4114,1.4117,1.00,1.00
2010.10.07 09:23:40.445,1.4114,1.4117,1.00,1.00
2010.10.07 09:23:40.771,1.4114,1.4117,1.00,1.00
2010.10.07 09:23:44.381,1.41145,1.4117,1.00,1.00
2010.10.07 09:23:44.480,1.41145,1.41175,1.00,1.00
2010.10.07 09:23:44.630,1.41145,1.41175,1.20,1.00
2010.10.07 09:23:44.683,1.41145,1.4118,1.20,1.40
2010.10.07 09:23:45.245,1.41145,1.4118,1.70,1.00
2010.10.07 09:23:45.603,1.4115,1.4118,1.70,1.00
2010.10.07 09:23:47.456,1.4115,1.4118,1.00,1.00
2010.10.07 09:23:47.557,1.41145,1.4118,1.00,1.00
2010.10.07 09:23:47.651,1.41145,1.4118,1.00,1.00
2010.10.07 09:23:48.264,1.41145,1.4118,1.00,3.00
2010.10.07 09:23:48.375,1.41145,1.4117,1.00,1.00
2010.10.07 09:23:55.651,1.41145,1.41175,1.00,1.00
2010.10.07 09:23:56.462,1.4114,1.41175,1.00,1.00
2010.10.07 09:23:56.682,1.4114,1.4117,1.00,1.00
2010.10.07 09:23:56.901,1.4114,1.41175,1.00,1.00
2010.10.07 09:23:57.482,1.41145,1.4117,1.00,1.00
2010.10.07 09:23:57.758,1.41145,1.4118,2.10,1.60
2010.10.07 09:24:06.616,1.41145,1.41185,2.60,3.60
2010.10.07 09:24:06.868,1.41145,1.41185,2.70,3.70
2010.10.07 09:24:12.589,1.41145,1.41185,2.80,3.60
2010.10.07 09:24:12.709,1.4115,1.41185,1.00,3.60
2010.10.07 09:24:13.296,1.4115,1.41185,1.00,2.00
2010.10.07 09:24:13.487,1.4115,1.4119,2.00,3.20
2010.10.07 09:24:15.217,1.4115,1.41185,1.70,2.00
2010.10.07 09:24:15.565,1.4115,1.41185,1.00,2.80
2010.10.07 09:24:15.834,1.41145,1.41185,2.80,3.70
2010.10.07 09:24:16.733,1.41145,1.41185,3.10,3.70
2010.10.07 09:24:17.589,1.41145,1.41185,2.70,3.70
2010.10.07 09:24:21.648,1.41145,1.41185,3.10,3.70
2010.10.07 09:24:23.299,1.41145,1.41185,3.00,3.80
2010.10.07 09:24:23.539,1.41145,1.41185,3.20,3.60
2010.10.07 09:24:24.228,1.4116,1.41175,1.00,1.00
2010.10.07 09:24:24.355,1.4116,1.41185,1.00,1.00
2010.10.07 09:24:24.957,1.4116,1.41185,1.00,1.00
2010.10.07 09:24:25.308,1.4116,1.4119,1.00,1.00
2010.10.07 09:24:26.182,1.41155,1.4119,1.70,1.00
2010.10.07 09:24:26.481,1.41155,1.4119,1.00,1.00
2010.10.07 09:24:26.772,1.41155,1.4119,1.00,2.00
2010.10.07 09:24:27.059,1.41155,1.4119,1.00,1.00
2010.10.07 09:24:28.167,1.41155,1.4118,1.00,1.00
2010.10.07 09:24:28.529,1.4115,1.4118,1.00,1.00
2010.10.07 09:24:31.049,1.4115,1.41185,1.00,2.20
2010.10.07 09:24:31.755,1.4115,1.4118,1.00,1.00
2010.10.07 09:24:35.048,1.4115,1.4118,1.00,1.00
2010.10.07 09:24:37.571,1.4115,1.41185,1.00,1.00
2010.10.07 09:24:37.830,1.4115,1.4119,1.00,1.60
2010.10.07 09:24:38.363,1.4115,1.4119,1.00,1.60
2010.10.07 09:24:39.744,1.4115,1.4119,1.00,1.70
2010.10.07 09:24:40.641,1.4115,1.4119,1.00,1.60
2010.10.07 09:24:41.939,1.4115,1.4119,1.00,1.70
2010.10.07 09:24:42.699,1.4115,1.4119,1.00,1.60
2010.10.07 09:24:42.819,1.4115,1.4119,1.00,1.70
2010.10.07 09:24:45.199,1.4115,1.4119,1.70,1.70
2010.10.07 09:24:45.343,1.4115,1.4118,1.70,1.00
2010.10.07 09:24:46.236,1.4115,1.4118,1.00,1.00
2010.10.07 09:24:46.565,1.4115,1.4119,1.70,3.80
2010.10.07 09:24:47.438,1.41145,1.4118,1.00,1.00
2010.10.07 09:24:47.777,1.41145,1.4118,1.00,1.00
2010.10.07 09:24:50.509,1.41145,1.4118,1.00,1.60
2010.10.07 09:24:50.909,1.41145,1.4118,1.00,1.00
2010.10.07 09:24:51.109,1.41145,1.41185,1.00,2.20
2010.10.07 09:24:51.833,1.4115,1.41185,1.00,1.00
2010.10.07 09:24:53.621,1.4115,1.41185,1.00,1.00
2010.10.07 09:24:53.951,1.41155,1.4119,1.00,1.00
2010.10.07 09:24:54.849,1.41155,1.4119,1.70,1.60
2010.10.07 09:24:55.190,1.41155,1.41195,1.70,3.90
2010.10.07 09:24:56.880,1.41155,1.41195,1.70,4.00
2010.10.07 09:24:57.039,1.41155,1.4119,1.70,1.00
2010.10.07 09:24:57.799,1.41155,1.41195,1.70,3.70
2010.10.07 09:24:58.491,1.41155,1.41195,1.70,3.80
2010.10.07 09:24:59.608,1.41155,1.4119,1.00,1.00
2010.10.07 09:24:59.766,1.41155,1.41195,1.50,3.20
2010.10.07 09:25:00.329,1.41155,1.41195,1.90,3.20
2010.10.07 09:25:00.487,1.41155,1.41195,1.70,3.20
2010.10.07 09:25:00.983,1.41155,1.41195,1.80,3.20
2010.10.07 09:25:01.841,1.41155,1.41195,1.70,3.70
2010.10.07 09:25:02.025,1.41155,1.41195,1.70,3.80
2010.10.07 09:25:02.552,1.41155,1.41195,1.70,1.70
2010.10.07 09:25:03.444,1.41155,1.41195,1.80,1.00
2010.10.07 09:25:06.050,1.41155,1.41195,2.60,1.00
2010.10.07 09:25:06.743,1.4116,1.41195,1.00,1.00
2010.10.07 09:25:07.001,1.4116,1.41195,1.00,1.00
2010.10.07 09:25:07.252,1.4116,1.41195,1.00,1.00
2010.10.07 09:25:07.501,1.4116,1.41195,1.20,1.00
2010.10.07 09:25:08.640,1.4116,1.41195,1.10,1.00
2010.10.07 09:25:08.990,1.4116,1.41195,1.00,1.00
2010.10.07 09:25:09.262,1.4116,1.41195,1.10,1.00
2010.10.07 09:25:14.229,1.4116,1.41195,1.00,1.00
2010.10.07 09:25:14.421,1.4116,1.41195,1.00,1.00
2010.10.07 09:25:15.128,1.41165,1.41205,2.60,3.20
2010.10.07 09:25:15.386,1.41165,1.41205,3.40,3.20
2010.10.07 09:25:16.142,1.41165,1.41205,3.40,1.60
2010.10.07 09:25:17.322,1.41165,1.41205,3.50,1.60
2010.10.07 09:25:17.690,1.41165,1.41205,3.40,1.60
2010.10.07 09:25:17.839,1.4117,1.41205,1.00,1.60
2010.10.07 09:25:19.517,1.4117,1.41205,1.20,1.00
2010.10.07 09:25:20.086,1.4117,1.4121,1.80,3.20
2010.10.07 09:25:20.402,1.4117,1.4121,2.90,1.60
2010.10.07 09:25:20.743,1.41175,1.4121,2.70,1.00
2010.10.07 09:25:21.615,1.4118,1.4121,1.00,1.00
2010.10.07 09:25:21.900,1.41175,1.4121,2.30,1.00
2010.10.07 09:25:22.702,1.4118,1.41215,1.00,4.00
2010.10.07 09:25:23.520,1.4118,1.41215,1.00,2.40
2010.10.07 09:25:23.799,1.4118,1.41215,1.00,2.40
2010.10.07 09:25:24.370,1.4118,1.41215,1.00,2.30
2010.10.07 09:25:25.911,1.4119,1.412,1.00,1.00
2010.10.07 09:25:26.011,1.41175,1.412,1.30,1.00
2010.10.07 09:25:29.600,1.4118,1.412,1.00,1.00
2010.10.07 09:25:29.639,1.4118,1.412,1.30,1.00
2010.10.07 09:25:29.683,1.4118,1.41205,1.30,1.00
2010.10.07 09:25:30.355,1.41185,1.41205,1.00,1.00
2010.10.07 09:25:30.715,1.41185,1.4121,1.30,1.00
2010.10.07 09:25:31.969,1.4118,1.4121,3.30,1.00
2010.10.07 09:25:32.840,1.4118,1.4121,2.90,1.00
2010.10.07 09:25:33.661,1.4118,1.4121,1.70,1.00
2010.10.07 09:25:36.059,1.4118,1.4121,1.80,1.00
2010.10.07 09:25:36.320,1.4118,1.4121,1.70,1.00
2010.10.07 09:25:41.805,1.4118,1.4121,1.70,1.00
2010.10.07 09:25:43.233,1.4118,1.4121,1.00,1.00
2010.10.07 09:25:43.560,1.4118,1.4121,1.00,1.00
2010.10.07 09:25:44.222,1.4118,1.41215,1.00,1.00
2010.10.07 09:25:44.981,1.41195,1.41225,1.30,1.60
2010.10.07 09:25:45.208,1.41195,1.4122,1.20,1.00
2010.10.07 09:25:45.431,1.4119,1.4122,1.70,1.00
2010.10.07 09:25:46.309,1.41185,1.4121,1.70,1.00
2010.10.07 09:25:46.562,1.41185,1.4121,1.00,1.00
2010.10.07 09:25:47.330,1.41185,1.4121,1.00,1.00
2010.10.07 09:25:47.646,1.4118,1.4121,1.00,1.00
2010.10.07 09:25:50.163,1.4118,1.412,1.00,1.00
2010.10.07 09:25:50.974,1.41175,1.412,1.00,1.00
2010.10.07 09:25:53.562,1.41175,1.412,1.20,1.00
2010.10.07 09:25:53.813,1.41175,1.412,1.70,1.00
2010.10.07 09:25:54.372,1.41175,1.412,1.20,1.00
2010.10.07 09:25:54.585,1.41175,1.412,1.00,1.00
2010.10.07 09:25:55.549,1.41175,1.412,1.70,1.00
2010.10.07 09:25:58.047,1.4118,1.4121,1.00,1.00
2010.10.07 09:25:58.639,1.4118,1.412,1.00,1.00
2010.10.07 09:25:58.920,1.41175,1.412,1.00,1.00
2010.10.07 09:26:00.354,1.41175,1.4121,1.00,1.00
2010.10.07 09:26:00.777,1.4118,1.4121,1.30,1.00
2010.10.07 09:26:00.982,1.4118,1.4121,1.70,1.00
2010.10.07 09:26:05.794,1.4118,1.412,1.70,1.00
2010.10.07 09:26:06.569,1.4118,1.412,1.00,1.00
2010.10.07 09:26:06.823,1.41175,1.412,1.00,1.00
2010.10.07 09:26:09.675,1.41175,1.4119,1.00,1.00
2010.10.07 09:26:10.541,1.4117,1.4119,1.00,1.00
2010.10.07 09:26:10.720,1.41165,1.4119,1.00,1.00
2010.10.07 09:26:11.064,1.4117,1.4119,1.00,1.00
2010.10.07 09:26:11.927,1.41165,1.4119,1.00,1.00
2010.10.07 09:26:12.151,1.4117,1.4119,1.00,1.00
2010.10.07 09:26:12.890,1.41165,1.4119,1.00,1.00
2010.10.07 09:26:13.329,1.4117,1.4119,1.00,1.00
2010.10.07 09:26:17.130,1.41165,1.4119,1.00,1.00
2010.10.07 09:26:21.393,1.4117,1.4119,1.00,1.00
2010.10.07 09:26:32.883,1.41165,1.4118,1.00,1.00
2010.10.07 09:26:33.654,1.4116,1.4119,1.00,2.40
2010.10.07 09:26:33.996,1.41165,1.4119,1.00,1.00
2010.10.07 09:26:34.664,1.4117,1.4119,1.00,1.00
2010.10.07 09:26:38.319,1.41155,1.41195,1.40,5.00
2010.10.07 09:26:38.513,1.41165,1.4118,1.00,1.00
2010.10.07 09:26:40.025,1.41165,1.4119,1.00,1.00
2010.10.07 09:26:40.322,1.4117,1.4119,1.00,1.00
2010.10.07 09:26:45.559,1.41165,1.4118,1.00,1.00
2010.10.07 09:26:46.241,1.4116,1.4118,1.00,1.00
2010.10.07 09:26:50.697,1.41165,1.4119,1.00,1.00
2010.10.07 09:26:50.894,1.4117,1.4119,1.00,1.00
2010.10.07 09:26:53.314,1.4117,1.412,2.10,1.00
2010.10.07 09:26:55.172,1.4117,1.412,2.00,1.00
2010.10.07 09:26:55.726,1.4117,1.412,1.00,1.00
2010.10.07 09:26:56.661,1.4117,1.412,1.00,1.00
2010.10.07 09:26:57.320,1.4117,1.412,2.00,1.00
2010.10.07 09:26:58.410,1.4117,1.412,2.10,1.00
2010.10.07 09:26:59.352,1.41175,1.412,1.00,1.00
2010.10.07 09:26:59.889,1.4117,1.412,2.00,1.00
2010.10.07 09:27:00.683,1.4117,1.412,1.00,1.00
2010.10.07 09:27:01.445,1.41175,1.412,1.00,1.00
2010.10.07 09:27:02.302,1.41175,1.41205,1.00,1.60
2010.10.07 09:27:03.307,1.4117,1.41205,2.00,1.60
2010.10.07 09:27:03.573,1.4117,1.41205,2.00,1.60
2010.10.07 09:27:04.633,1.4117,1.41205,2.10,1.60
2010.10.07 09:27:08.151,1.41175,1.41205,1.00,1.60
2010.10.07 09:27:08.812,1.41175,1.41205,1.00,1.60
2010.10.07 09:27:11.540,1.41175,1.41195,1.00,1.00
2010.10.07 09:27:11.680,1.41175,1.412,1.00,1.00
2010.10.07 09:27:20.702,1.41175,1.41205,1.00,1.00
2010.10.07 09:27:20.872,1.41175,1.412,1.70,1.00
2010.10.07 09:27:21.593,1.41175,1.412,1.80,1.00
2010.10.07 09:27:22.341,1.41175,1.412,1.70,1.00
2010.10.07 09:27:24.411,1.4118,1.412,1.00,1.00
2010.10.07 09:27:25.039,1.41175,1.412,1.00,1.00
2010.10.07 09:27:26.450,1.4117,1.412,1.00,1.00
2010.10.07 09:27:26.912,1.41175,1.412,1.00,1.00
2010.10.07 09:27:31.708,1.41175,1.412,1.00,1.00
2010.10.07 09:27:32.512,1.41175,1.412,1.00,1.00
2010.10.07 09:27:33.742,1.41175,1.412,1.00,1.00
2010.10.07 09:27:34.010,1.41175,1.412,1.00,1.00
2010.10.07 09:27:34.978,1.41175,1.4121,1.00,1.60
2010.10.07 09:27:35.138,1.41175,1.41205,3.50,1.00
2010.10.07 09:27:35.561,1.41175,1.41205,3.40,1.00
2010.10.07 09:27:36.190,1.41175,1.41205,1.80,1.00
2010.10.07 09:27:39.313,1.41175,1.41205,1.70,1.00
2010.10.07 09:27:39.693,1.4118,1.412,1.00,1.00
2010.10.07 09:27:40.713,1.41175,1.412,1.00,1.00
2010.10.07 09:27:41.700,1.41175,1.412,1.00,1.00
2010.10.07 09:27:42.572,1.41175,1.412,1.00,1.00
2010.10.07 09:27:42.982,1.41175,1.4121,1.00,1.60
2010.10.07 09:27:43.752,1.41175,1.4121,1.90,1.00
2010.10.07 09:27:44.022,1.41175,1.4121,1.80,1.00
2010.10.07 09:27:44.826,1.41175,1.412,1.00,1.00
2010.10.07 09:27:45.044,1.41175,1.412,1.00,1.00
2010.10.07 09:27:51.391,1.4117,1.4119,2.50,1.00
2010.10.07 09:27:52.145,1.4117,1.4119,1.00,1.00
2010.10.07 09:27:54.411,1.4117,1.412,1.00,1.60
2010.10.07 09:27:54.547,1.41175,1.412,1.30,1.00
2010.10.07 09:27:54.681,1.41175,1.412,1.70,1.00
2010.10.07 09:27:55.532,1.4118,1.412,1.00,1.00
2010.10.07 09:27:56.913,1.41175,1.412,1.00,1.00
2010.10.07 09:27:57.351,1.4118,1.412,1.00,1.00
2010.10.07 09:27:57.571,1.41175,1.412,1.00,1.00
2010.10.07 09:27:59.912,1.41175,1.412,1.00,1.00
2010.10.07 09:28:00.816,1.4118,1.412,1.00,1.00
2010.10.07 09:28:01.034,1.4118,1.41205,2.00,1.00
2010.10.07 09:28:01.241,1.4118,1.41205,1.00,1.00
2010.10.07 09:28:01.828,1.4118,1.41205,1.00,1.00
2010.10.07 09:28:02.068,1.4118,1.412,1.70,1.00
2010.10.07 09:28:02.900,1.4118,1.412,1.80,1.00
2010.10.07 09:28:03.246,1.4118,1.412,1.70,1.00
2010.10.07 09:28:03.584,1.4118,1.412,1.00,1.00
2010.10.07 09:28:05.024,1.41175,1.412,3.60,1.00
2010.10.07 09:28:05.532,1.4118,1.412,1.00,1.00
2010.10.07 09:28:06.181,1.4118,1.412,1.00,1.00
2010.10.07 09:28:06.925,1.4118,1.4121,1.10,1.00
2010.10.07 09:28:07.808,1.41185,1.4121,1.00,1.00
2010.10.07 09:28:08.058,1.4119,1.4121,1.00,1.00
2010.10.07 09:28:09.101,1.4119,1.4121,1.00,1.00
2010.10.07 09:28:09.441,1.4119,1.4121,1.00,1.00
2010.10.07 09:28:09.783,1.4119,1.4121,1.00,1.20
2010.10.07 09:28:10.437,1.4119,1.412,1.00,1.20
2010.10.07 09:28:10.744,1.41185,1.4121,1.80,1.00
2010.10.07 09:28:12.114,1.41185,1.4121,1.70,1.00
2010.10.07 09:28:12.393,1.41185,1.412,1.70,1.00
2010.10.07 09:28:12.533,1.41185,1.4121,1.70,1.00
2010.10.07 09:28:15.415,1.4119,1.4121,1.00,1.00
2010.10.07 09:28:16.633,1.4118,1.41215,1.00,1.60
2010.10.07 09:28:16.876,1.41185,1.412,1.00,1.00
2010.10.07 09:28:21.127,1.4118,1.41195,1.00,1.60
2010.10.07 09:28:21.251,1.41165,1.41195,1.00,1.60
2010.10.07 09:28:21.592,1.41165,1.4118,1.00,1.00
2010.10.07 09:28:25.704,1.41165,1.41185,1.00,1.00
2010.10.07 09:28:27.161,1.4117,1.41185,1.00,1.00
2010.10.07 09:28:27.491,1.41165,1.41185,1.00,1.00
2010.10.07 09:28:32.863,1.41165,1.41185,1.00,1.20
2010.10.07 09:28:36.282,1.41165,1.4118,1.00,1.20
2010.10.07 09:28:36.419,1.41155,1.41185,1.00,1.60
2010.10.07 09:28:36.552,1.41155,1.4118,1.00,1.60
2010.10.07 09:28:37.224,1.4116,1.4118,1.00,1.20
2010.10.07 09:28:37.693,1.41165,1.4118,1.00,1.20
2010.10.07 09:28:38.603,1.4116,1.4118,1.00,1.20
2010.10.07 09:28:39.731,1.4117,1.412,2.00,2.80
2010.10.07 09:28:39.927,1.4117,1.412,1.00,2.00
2010.10.07 09:28:40.126,1.4117,1.4119,1.00,1.20
2010.10.07 09:28:42.247,1.4117,1.41195,1.00,1.20
2010.10.07 09:28:43.523,1.41175,1.41195,1.00,1.20
2010.10.07 09:28:43.880,1.4117,1.41195,1.00,1.20
2010.10.07 09:28:44.229,1.41175,1.41205,1.00,2.40
2010.10.07 09:28:45.302,1.41175,1.4119,1.00,1.00
2010.10.07 09:28:46.128,1.41175,1.412,2.00,1.00
2010.10.07 09:28:47.058,1.41175,1.4121,5.00,1.60
2010.10.07 09:28:47.397,1.41185,1.4121,2.10,1.00
2010.10.07 09:28:48.277,1.41185,1.4121,2.60,1.00
2010.10.07 09:28:48.625,1.4119,1.4121,1.00,1.00
2010.10.07 09:28:49.562,1.41185,1.4121,2.60,1.00
2010.10.07 09:28:49.908,1.41185,1.4121,1.00,1.00
2010.10.07 09:28:50.570,1.41185,1.4121,1.00,1.00
2010.10.07 09:28:50.834,1.4118,1.4121,1.00,1.00
2010.10.07 09:28:53.522,1.4118,1.4121,1.00,1.20
2010.10.07 09:28:54.610,1.4118,1.4121,1.00,1.20
2010.10.07 09:28:55.511,1.41185,1.4121,1.00,1.20
2010.10.07 09:28:55.740,1.4118,1.4121,1.00,1.20
2010.10.07 09:28:56.579,1.4118,1.4121,2.30,1.20
2010.10.07 09:28:56.900,1.41185,1.4121,1.70,1.20
2010.10.07 09:28:57.212,1.41185,1.4121,2.70,1.20
2010.10.07 09:28:58.052,1.4119,1.4121,1.00,1.20
2010.10.07 09:28:58.730,1.4119,1.4121,1.00,1.00
2010.10.07 09:28:58.960,1.4119,1.4121,1.00,1.00
2010.10.07 09:28:59.932,1.4119,1.4121,1.00,1.00
2010.10.07 09:29:00.277,1.4119,1.4121,1.30,1.00
2010.10.07 09:29:00.491,1.4119,1.41205,1.00,1.20
2010.10.07 09:29:01.251,1.4119,1.41205,1.00,1.20
2010.10.07 09:29:01.532,1.41195,1.41205,1.60,1.20
2010.10.07 09:29:01.824,1.41195,1.41215,1.60,1.20
2010.10.07 09:29:02.411,1.4119,1.41215,1.20,1.20
2010.10.07 09:29:02.718,1.41205,1.41225,1.00,1.20
2010.10.07 09:29:03.820,1.41205,1.4123,1.00,1.60
2010.10.07 09:29:04.166,1.41195,1.4121,1.00,1.00
2010.10.07 09:29:05.327,1.41185,1.4121,1.70,1.00
2010.10.07 09:29:06.446,1.41185,1.4121,5.00,1.00
2010.10.07 09:29:06.717,1.41185,1.4121,3.30,1.00
2010.10.07 09:29:07.242,1.41185,1.4121,1.70,1.00
2010.10.07 09:29:07.901,1.41185,1.4121,3.30,1.00
2010.10.07 09:29:08.166,1.4119,1.4121,1.70,1.00
2010.10.07 09:29:10.014,1.41195,1.4121,1.00,1.00
2010.10.07 09:29:10.280,1.41195,1.4121,1.00,1.00
2010.10.07 09:29:12.676,1.412,1.41215,1.00,1.00
2010.10.07 09:29:13.252,1.41195,1.41215,1.70,1.00
2010.10.07 09:29:13.499,1.41195,1.4122,1.00,1.00
2010.10.07 09:29:13.733,1.41195,1.4121,1.00,1.00
2010.10.07 09:29:15.795,1.4119,1.4121,1.00,1.00
2010.10.07 09:29:18.136,1.4119,1.41215,1.00,1.60
2010.10.07 09:29:18.363,1.4119,1.4121,1.00,1.00
2010.10.07 09:29:19.363,1.4119,1.4121,1.00,1.00
2010.10.07 09:29:21.370,1.4119,1.412,1.00,1.00
2010.10.07 09:29:21.670,1.4119,1.412,1.00,1.00
2010.10.07 09:29:21.969,1.4119,1.41215,1.00,1.60
2010.10.07 09:29:23.452,1.4119,1.412,1.00,1.00
2010.10.07 09:29:23.952,1.41185,1.412,1.70,1.00
2010.10.07 09:29:28.949,1.41185,1.412,1.00,1.10
2010.10.07 09:29:29.255,1.4118,1.412,1.80,1.00
2010.10.07 09:29:31.112,1.4118,1.412,1.70,1.00
2010.10.07 09:29:32.903,1.4118,1.41205,1.30,1.60
2010.10.07 09:29:33.051,1.41175,1.41205,1.40,1.60
2010.10.07 09:29:34.292,1.41175,1.41205,1.30,1.60
2010.10.07 09:29:37.013,1.41175,1.4119,1.70,1.00
2010.10.07 09:29:39.210,1.41175,1.4119,1.00,1.00
2010.10.07 09:29:41.613,1.41175,1.4119,1.00,1.00
2010.10.07 09:29:43.178,1.41165,1.41195,1.50,1.60
2010.10.07 09:29:43.342,1.41165,1.41195,1.30,1.60
2010.10.07 09:29:45.645,1.4117,1.4119,1.00,1.00
2010.10.07 09:29:45.786,1.4117,1.4119,1.00,1.00
2010.10.07 09:29:46.854,1.41175,1.4119,1.00,1.00
2010.10.07 09:29:52.900,1.4118,1.4119,1.00,1.00
2010.10.07 09:29:53.199,1.4118,1.412,2.10,1.00
2010.10.07 09:29:54.196,1.41185,1.4121,1.00,1.00
2010.10.07 09:29:54.546,1.41185,1.41215,2.10,1.00
2010.10.07 09:29:54.754,1.4119,1.41225,1.00,4.00
2010.10.07 09:29:54.951,1.4119,1.41225,1.00,2.40
2010.10.07 09:29:57.370,1.4119,1.41225,1.00,2.40
2010.10.07 09:29:58.073,1.4119,1.41225,1.00,1.00
2010.10.07 09:29:58.351,1.4119,1.41225,1.00,1.00
2010.10.07 09:30:00.641,1.4119,1.41225,1.00,1.00
2010.10.07 09:30:01.455,1.41195,1.41225,1.00,1.00
2010.10.07 09:30:06.750,1.41195,1.41225,1.00,1.00
2010.10.07 09:30:06.992,1.41195,1.4123,1.00,2.40
2010.10.07 09:30:07.570,1.41195,1.4123,1.00,2.40
2010.10.07 09:30:08.480,1.412,1.4123,1.00,2.40
2010.10.07 09:30:08.950,1.41195,1.4123,1.00,2.40
2010.10.07 09:30:09.190,1.41195,1.4123,1.00,1.60
2010.10.07 09:30:10.057,1.412,1.4123,1.00,1.60
2010.10.07 09:30:13.901,1.41195,1.4123,1.00,1.60
2010.10.07 09:30:15.332,1.412,1.4123,1.00,1.60
2010.10.07 09:30:19.553,1.41205,1.4123,1.00,1.60
2010.10.07 09:30:19.723,1.412,1.4123,2.30,1.00
2010.10.07 09:30:20.501,1.412,1.41235,1.10,1.00
2010.10.07 09:30:20.843,1.412,1.41235,1.00,1.00
2010.10.07 09:30:21.180,1.412,1.41235,1.00,1.00
2010.10.07 09:30:21.980,1.41205,1.41235,1.00,1.00
2010.10.07 09:30:23.162,1.41205,1.4123,1.00,1.00
2010.10.07 09:30:24.111,1.412,1.4123,1.00,1.00
2010.10.07 09:30:25.449,1.41195,1.4123,1.00,1.00
2010.10.07 09:30:25.702,1.41195,1.4123,1.70,1.00
2010.10.07 09:30:26.480,1.41195,1.4123,2.10,1.00
2010.10.07 09:30:27.397,1.412,1.4123,1.00,1.00
2010.10.07 09:30:27.580,1.41195,1.4123,2.10,1.00
2010.10.07 09:30:27.964,1.41195,1.4123,2.00,1.00
2010.10.07 09:30:28.750,1.412,1.4123,1.00,1.00
2010.10.07 09:30:30.681,1.412,1.4123,1.00,1.00
2010.10.07 09:30:30.861,1.41195,1.4123,2.10,1.00
2010.10.07 09:30:32.621,1.412,1.4123,1.00,1.00
2010.10.07 09:30:40.320,1.41195,1.4123,1.30,1.00
