2013.02.04 12:00:00.004,1.35057,1.35075,1.13,2.25
2013.02.04 12:00:00.305,1.35054,1.35071,1.28,2.25
2013.02.04 12:00:00.735,1.35054,1.35075,2.25,1.50
2013.02.04 12:00:01.563,1.35058,1.35075,2.48,1.50
2013.02.04 12:00:01.864,1.35063,1.35078,1.32,1.50
2013.02.04 12:00:01.924,1.35061,1.35075,1.92,1.50
2013.02.04 12:00:01.984,1.3506,1.35075,1.13,1.50
2013.02.04 12:00:02.044,1.3506,1.35076,1.13,1.50
2013.02.04 12:00:02.528,1.3506,1.35077,1.13,1.50
2013.02.04 12:00:02.839,1.3506,1.3508,2.48,1.50
2013.02.04 12:00:02.905,1.35063,1.3508,1.32,1.50
2013.02.04 12:00:02.974,1.35065,1.35081,1.32,1.65
2013.02.04 12:00:03.275,1.35074,1.35083,1.73,1.65
2013.02.04 12:00:03.586,1.35081,1.35088,1.13,1.50
2013.02.04 12:00:03.656,1.35081,1.35091,1.13,1.13
2013.02.04 12:00:03.724,1.35081,1.35092,2.10,1.13
2013.02.04 12:00:03.906,1.35089,1.35105,1.50,1.58
2013.02.04 12:00:03.978,1.3509,1.35105,2.25,1.58
2013.02.04 12:00:04.165,1.35091,1.35104,1.50,1.20
2013.02.04 12:00:04.555,1.35092,1.35104,2.25,1.13
2013.02.04 12:00:05.329,1.35105,1.3513,5.25,2.25
2013.02.04 12:00:05.420,1.3512,1.35133,1.50,2.82
2013.02.04 12:00:05.605,1.35119,1.35133,2.25,2.82
2013.02.04 12:00:05.674,1.35118,1.35128,1.50,1.65
2013.02.04 12:00:05.745,1.35118,1.35128,1.50,1.65
2013.02.04 12:00:05.816,1.35116,1.35125,1.73,1.50
2013.02.04 12:00:05.886,1.35117,1.35125,1.54,1.50
2013.02.04 12:00:05.961,1.3511,1.35125,1.73,1.50
2013.02.04 12:00:06.325,1.35108,1.35125,1.73,1.50
2013.02.04 12:00:06.388,1.35108,1.35124,1.50,1.50
2013.02.04 12:00:06.465,1.35108,1.35124,1.50,1.50
2013.02.04 12:00:06.775,1.35101,1.3512,1.17,1.50
2013.02.04 12:00:07.338,1.35101,1.3512,1.69,1.50
2013.02.04 12:00:07.732,1.35099,1.35118,1.28,2.25
2013.02.04 12:00:08.136,1.35099,1.35116,1.32,1.50
2013.02.04 12:00:08.635,1.35094,1.35112,1.65,1.50
2013.02.04 12:00:08.755,1.35094,1.35111,1.65,1.50
2013.02.04 12:00:09.307,1.35091,1.35109,1.47,1.50
2013.02.04 12:00:09.493,1.35091,1.35109,1.50,3.00
2013.02.04 12:00:09.624,1.35091,1.35111,1.50,4.32
2013.02.04 12:00:10.164,1.35091,1.35109,1.50,1.50
2013.02.04 12:00:10.347,1.35093,1.35112,1.50,1.50
2013.02.04 12:00:10.653,1.35095,1.35113,1.50,2.63
2013.02.04 12:00:11.096,1.35101,1.35111,1.88,1.50
2013.02.04 12:00:11.167,1.35101,1.35115,1.88,1.50
2013.02.04 12:00:11.594,1.35101,1.35115,1.13,1.50
2013.02.04 12:00:12.476,1.35099,1.35115,1.13,3.00
2013.02.04 12:00:12.694,1.35099,1.35114,1.13,2.25
2013.02.04 12:00:12.874,1.35099,1.35116,1.13,1.50
2013.02.04 12:00:13.175,1.35099,1.35116,1.13,1.50
2013.02.04 12:00:13.603,1.35097,1.35116,1.13,1.50
2013.02.04 12:00:14.621,1.351,1.35119,1.13,3.00
2013.02.04 12:00:15.163,1.35102,1.35119,1.13,1.50
2013.02.04 12:00:15.344,1.35102,1.35118,1.13,1.13
2013.02.04 12:00:15.435,1.35102,1.35119,1.13,1.50
2013.02.04 12:00:15.974,1.35102,1.3512,1.13,1.50
2013.02.04 12:00:16.774,1.35101,1.35121,2.63,1.50
2013.02.04 12:00:16.896,1.35103,1.35121,1.65,1.50
2013.02.04 12:00:17.223,1.35104,1.35125,1.50,2.25
2013.02.04 12:00:17.464,1.35107,1.35127,1.50,1.50
2013.02.04 12:00:18.083,1.35109,1.35126,1.50,1.50
2013.02.04 12:00:18.333,1.35105,1.35126,1.50,2.25
2013.02.04 12:00:18.454,1.35105,1.35124,1.50,1.50
2013.02.04 12:00:18.755,1.35105,1.35124,1.50,2.25
2013.02.04 12:00:18.815,1.35103,1.35124,1.65,2.25
2013.02.04 12:00:19.245,1.35103,1.35124,2.40,2.25
2013.02.04 12:00:19.314,1.35103,1.35124,2.40,2.25
2013.02.04 12:00:19.976,1.35104,1.35124,1.50,3.00
2013.02.04 12:00:20.345,1.35103,1.35123,1.65,1.50
2013.02.04 12:00:20.787,1.35103,1.35123,1.65,1.50
2013.02.04 12:00:20.984,1.35104,1.35124,2.07,1.50
2013.02.04 12:00:21.167,1.35108,1.35128,1.50,3.00
2013.02.04 12:00:21.475,1.3511,1.35128,1.50,3.00
2013.02.04 12:00:21.809,1.35116,1.35132,1.13,2.40
2013.02.04 12:00:21.935,1.35116,1.35132,1.13,1.50
2013.02.04 12:00:22.005,1.35116,1.35132,1.13,1.50
2013.02.04 12:00:22.404,1.35116,1.35132,1.13,2.25
2013.02.04 12:00:22.464,1.35113,1.35132,1.13,2.25
2013.02.04 12:00:22.765,1.35114,1.3513,1.13,1.50
2013.02.04 12:00:22.906,1.35114,1.35131,1.13,2.25
2013.02.04 12:00:23.421,1.35116,1.35132,1.13,1.50
2013.02.04 12:00:23.924,1.35116,1.35134,1.13,3.00
2013.02.04 12:00:24.335,1.35114,1.35132,1.13,2.25
2013.02.04 12:00:24.655,1.35108,1.35126,1.28,1.50
2013.02.04 12:00:24.964,1.35108,1.35125,1.28,1.50
2013.02.04 12:00:25.567,1.35111,1.35127,1.13,1.50
2013.02.04 12:00:26.939,1.3511,1.35127,1.13,1.50
2013.02.04 12:00:27.495,1.3511,1.35128,1.13,2.25
2013.02.04 12:00:27.935,1.35111,1.35126,1.13,1.50
2013.02.04 12:00:28.244,1.35108,1.35125,1.28,1.50
2013.02.04 12:00:28.837,1.35109,1.35127,1.28,2.25
2013.02.04 12:00:29.384,1.35111,1.35125,1.13,1.50
2013.02.04 12:00:29.504,1.35111,1.35123,1.13,1.50
2013.02.04 12:00:30.264,1.35112,1.35126,1.13,2.25
2013.02.04 12:00:30.505,1.35112,1.35128,1.13,1.50
2013.02.04 12:00:30.823,1.35109,1.35126,1.28,1.50
2013.02.04 12:00:32.496,1.35117,1.35126,4.65,1.50
2013.02.04 12:00:33.054,1.3512,1.35136,1.50,1.65
2013.02.04 12:00:33.762,1.35121,1.35136,1.50,1.65
2013.02.04 12:00:33.826,1.35121,1.35138,1.50,1.65
2013.02.04 12:00:33.897,1.35121,1.35139,1.50,1.13
2013.02.04 12:00:34.415,1.35124,1.3514,2.25,1.13
2013.02.04 12:00:34.475,1.35123,1.3514,1.50,1.13
2013.02.04 12:00:35.534,1.35121,1.35139,1.50,1.13
2013.02.04 12:00:36.283,1.35127,1.35139,2.10,1.13
2013.02.04 12:00:36.360,1.35136,1.35152,1.13,1.13
2013.02.04 12:00:36.905,1.35139,1.35153,1.13,1.50
2013.02.04 12:00:37.264,1.35134,1.35156,1.88,3.00
2013.02.04 12:00:37.325,1.35134,1.35154,2.25,1.13
2013.02.04 12:00:37.454,1.35131,1.35146,2.25,1.65
2013.02.04 12:00:37.577,1.35127,1.35145,2.97,1.50
2013.02.04 12:00:37.888,1.35124,1.35141,1.32,2.25
2013.02.04 12:00:37.957,1.35124,1.35141,1.13,1.50
2013.02.04 12:00:38.025,1.35124,1.35143,1.13,1.50
2013.02.04 12:00:38.443,1.35124,1.35145,1.13,3.00
2013.02.04 12:00:38.624,1.35126,1.35145,1.50,1.50
2013.02.04 12:00:38.744,1.35127,1.35145,1.50,1.50
2013.02.04 12:00:39.055,1.35129,1.3515,1.50,2.63
2013.02.04 12:00:39.426,1.35139,1.35151,1.13,1.65
2013.02.04 12:00:39.984,1.35133,1.35154,1.28,2.25
2013.02.04 12:00:40.045,1.35133,1.35153,1.28,1.50
2013.02.04 12:00:40.294,1.35133,1.35154,2.03,2.25
2013.02.04 12:00:40.414,1.35135,1.35153,1.13,1.50
2013.02.04 12:00:40.765,1.35135,1.35148,1.13,1.50
2013.02.04 12:00:42.595,1.35128,1.35148,1.65,2.40
2013.02.04 12:00:42.727,1.35127,1.35145,1.50,1.50
2013.02.04 12:00:42.855,1.35125,1.35143,1.13,1.50
2013.02.04 12:00:43.047,1.35122,1.35139,1.13,1.50
2013.02.04 12:00:43.582,1.35122,1.35139,1.13,2.25
2013.02.04 12:00:43.705,1.35124,1.35141,1.13,1.50
2013.02.04 12:00:44.254,1.35125,1.35143,1.88,1.50
2013.02.04 12:00:45.595,1.35127,1.35143,1.50,1.50
2013.02.04 12:00:45.794,1.3513,1.35144,1.50,1.50
2013.02.04 12:00:45.854,1.35127,1.35144,5.82,1.50
2013.02.04 12:00:45.975,1.35126,1.35142,2.22,2.25
2013.02.04 12:00:46.529,1.35125,1.35142,1.13,2.25
2013.02.04 12:00:46.976,1.35125,1.3514,1.13,1.50
2013.02.04 12:00:47.045,1.35119,1.35137,1.65,1.65
2013.02.04 12:00:47.104,1.35116,1.35135,1.62,1.50
2013.02.04 12:00:47.405,1.35119,1.35137,1.50,1.65
2013.02.04 12:00:47.714,1.35128,1.35143,1.13,1.50
2013.02.04 12:00:47.835,1.35128,1.35145,1.13,2.25
2013.02.04 12:00:47.904,1.35129,1.35145,1.13,1.50
2013.02.04 12:00:48.153,1.3513,1.35147,1.65,1.50
2013.02.04 12:00:48.675,1.35131,1.35149,3.57,1.50
2013.02.04 12:00:48.855,1.35138,1.35151,1.13,1.50
2013.02.04 12:00:49.403,1.35131,1.35151,1.28,3.75
2013.02.04 12:00:49.464,1.3513,1.35149,2.03,1.50
2013.02.04 12:00:52.774,1.3513,1.35146,1.35,1.50
2013.02.04 12:00:52.895,1.35129,1.35143,1.73,1.50
2013.02.04 12:00:52.966,1.35122,1.35141,1.50,1.50
2013.02.04 12:00:53.036,1.35122,1.35139,1.28,1.50
2013.02.04 12:00:53.646,1.35124,1.35137,1.05,1.50
2013.02.04 12:00:53.834,1.35125,1.35141,1.13,1.50
2013.02.04 12:00:54.194,1.35126,1.35143,1.13,3.00
2013.02.04 12:00:54.316,1.35126,1.35143,1.88,1.50
2013.02.04 12:00:55.073,1.35126,1.35143,1.88,1.50
2013.02.04 12:00:55.404,1.35128,1.35147,1.58,2.25
2013.02.04 12:00:55.714,1.35128,1.35147,6.08,1.50
2013.02.04 12:00:56.685,1.35128,1.35147,6.08,1.50
2013.02.04 12:00:57.318,1.35131,1.35147,1.73,1.88
2013.02.04 12:01:00.016,1.35131,1.35145,1.73,1.50
2013.02.04 12:01:00.252,1.35131,1.35147,1.73,1.88
2013.02.04 12:01:01.747,1.35129,1.35147,1.73,1.13
2013.02.04 12:01:01.874,1.35126,1.35146,2.48,1.13
2013.02.04 12:01:01.944,1.35126,1.35144,2.25,1.50
2013.02.04 12:01:02.076,1.35122,1.35141,2.48,1.50
2013.02.04 12:01:02.217,1.3512,1.35138,1.13,1.50
2013.02.04 12:01:02.288,1.35118,1.35136,1.88,1.50
2013.02.04 12:01:03.702,1.35118,1.35136,2.10,2.25
2013.02.04 12:01:03.825,1.35118,1.35136,1.13,1.50
2013.02.04 12:01:04.895,1.35118,1.35133,1.13,1.50
2013.02.04 12:01:05.204,1.35114,1.35127,1.73,1.50
2013.02.04 12:01:05.324,1.35109,1.35127,1.13,3.00
2013.02.04 12:01:05.565,1.3511,1.35127,1.13,2.25
2013.02.04 12:01:05.685,1.35113,1.3513,1.50,1.50
2013.02.04 12:01:06.115,1.35118,1.35133,1.73,1.65
2013.02.04 12:01:06.245,1.3512,1.35135,1.88,1.50
2013.02.04 12:01:06.304,1.3512,1.35136,1.88,1.50
2013.02.04 12:01:06.966,1.35115,1.35133,2.10,1.50
2013.02.04 12:01:09.826,1.35118,1.35133,1.13,1.50
2013.02.04 12:01:09.894,1.35119,1.35135,1.13,1.50
2013.02.04 12:01:10.675,1.35121,1.35137,1.88,1.50
2013.02.04 12:01:10.816,1.3512,1.35136,1.13,2.25
2013.02.04 12:01:11.415,1.3512,1.35137,1.13,1.50
2013.02.04 12:01:11.595,1.35121,1.35138,1.13,2.25
2013.02.04 12:01:12.570,1.35121,1.35138,1.13,1.50
2013.02.04 12:01:12.836,1.3512,1.35136,1.35,1.50
2013.02.04 12:01:12.970,1.3512,1.35136,1.35,1.50
2013.02.04 12:01:13.596,1.35122,1.35139,1.73,2.25
2013.02.04 12:01:13.863,1.35122,1.35138,1.73,1.50
2013.02.04 12:01:14.103,1.3512,1.35137,1.13,1.50
2013.02.04 12:01:14.405,1.35121,1.35138,1.35,1.50
2013.02.04 12:01:14.935,1.35121,1.35139,1.13,2.25
2013.02.04 12:01:15.297,1.35119,1.35134,1.35,1.50
2013.02.04 12:01:15.852,1.35119,1.35134,1.13,1.50
2013.02.04 12:01:17.698,1.35118,1.35134,1.13,1.50
2013.02.04 12:01:18.446,1.35116,1.35134,1.13,1.50
2013.02.04 12:01:21.387,1.35118,1.35134,1.13,1.50
2013.02.04 12:01:24.073,1.35118,1.35135,1.13,1.50
2013.02.04 12:01:24.668,1.35118,1.35137,2.10,2.25
2013.02.04 12:01:25.506,1.35118,1.35135,1.35,2.25
2013.02.04 12:01:25.826,1.35117,1.35132,1.13,1.50
2013.02.04 12:01:27.678,1.35113,1.35129,1.35,1.50
2013.02.04 12:01:28.844,1.35111,1.35125,1.35,1.50
2013.02.04 12:01:29.225,1.3511,1.35127,1.13,1.50
2013.02.04 12:01:29.475,1.3511,1.35129,2.85,1.50
2013.02.04 12:01:33.105,1.35118,1.35131,1.13,1.50
2013.02.04 12:01:33.235,1.35119,1.35134,1.13,1.50
2013.02.04 12:01:33.777,1.35117,1.35132,1.13,1.50
2013.02.04 12:01:34.393,1.35114,1.35132,1.35,3.00
2013.02.04 12:01:36.014,1.35118,1.35137,2.10,2.25
2013.02.04 12:01:36.764,1.35119,1.35137,1.35,1.50
2013.02.04 12:01:37.404,1.35121,1.35138,1.65,1.50
2013.02.04 12:01:38.247,1.3512,1.35134,1.13,2.25
2013.02.04 12:01:38.328,1.35114,1.35131,1.13,1.50
2013.02.04 12:01:38.398,1.35111,1.35127,1.13,1.13
2013.02.04 12:01:38.465,1.35109,1.35126,1.88,1.13
2013.02.04 12:01:38.538,1.35108,1.35124,1.65,2.63
2013.02.04 12:01:38.604,1.35106,1.35122,1.32,1.50
2013.02.04 12:01:38.664,1.35103,1.35122,1.47,1.50
2013.02.04 12:01:38.723,1.35102,1.35122,1.69,1.50
2013.02.04 12:01:39.561,1.35102,1.3512,1.69,1.50
2013.02.04 12:01:40.178,1.35102,1.35122,1.88,3.23
2013.02.04 12:01:40.836,1.35102,1.35122,1.13,3.23
2013.02.04 12:01:41.395,1.35102,1.35119,1.13,1.50
2013.02.04 12:01:42.015,1.35099,1.35117,1.13,1.50
2013.02.04 12:01:43.555,1.35101,1.35113,1.13,1.50
2013.02.04 12:01:44.083,1.35101,1.35113,1.13,2.25
2013.02.04 12:01:44.666,1.35095,1.35111,1.50,1.13
2013.02.04 12:01:44.794,1.35092,1.35108,1.50,1.73
2013.02.04 12:01:44.940,1.35092,1.35108,1.50,1.73
2013.02.04 12:01:46.094,1.35092,1.35105,1.50,1.50
2013.02.04 12:01:46.278,1.35087,1.35105,1.65,2.48
2013.02.04 12:01:46.345,1.35087,1.35105,1.65,2.48
2013.02.04 12:01:46.544,1.35087,1.35105,1.65,1.73
2013.02.04 12:01:46.824,1.3509,1.35106,1.50,1.73
2013.02.04 12:01:46.884,1.3509,1.35106,1.50,1.73
2013.02.04 12:01:47.254,1.35087,1.35106,1.65,1.73
2013.02.04 12:01:47.434,1.35086,1.35102,1.13,1.73
2013.02.04 12:01:48.893,1.35082,1.35099,1.28,1.73
2013.02.04 12:01:48.954,1.35078,1.35095,1.65,1.13
2013.02.04 12:01:49.073,1.35078,1.35095,1.50,1.35
2013.02.04 12:01:49.133,1.35076,1.35095,2.25,1.35
2013.02.04 12:01:49.254,1.35079,1.35096,1.50,1.35
2013.02.04 12:01:49.327,1.35079,1.35096,1.50,1.35
2013.02.04 12:01:49.454,1.35076,1.35096,2.25,1.35
2013.02.04 12:01:50.012,1.35075,1.35094,1.50,1.88
2013.02.04 12:01:50.078,1.35074,1.35094,1.50,2.63
2013.02.04 12:01:50.385,1.35075,1.35094,2.25,1.35
2013.02.04 12:01:50.456,1.35075,1.35094,1.50,1.35
2013.02.04 12:01:50.524,1.35078,1.35094,1.50,1.35
2013.02.04 12:01:50.846,1.35076,1.35092,1.50,1.13
2013.02.04 12:01:51.425,1.35075,1.35092,1.50,1.13
2013.02.04 12:01:51.557,1.35076,1.35092,2.25,1.13
2013.02.04 12:01:51.750,1.35078,1.35097,1.50,1.35
2013.02.04 12:01:51.818,1.35079,1.35099,1.88,1.88
2013.02.04 12:01:52.549,1.35088,1.35103,1.50,1.73
2013.02.04 12:01:52.695,1.35089,1.35102,1.50,1.50
2013.02.04 12:01:52.764,1.35087,1.35102,1.65,2.25
2013.02.04 12:01:52.835,1.35087,1.35102,1.65,2.48
2013.02.04 12:01:53.338,1.35085,1.35102,1.88,2.48
2013.02.04 12:01:53.765,1.35085,1.35102,1.88,2.48
2013.02.04 12:01:55.673,1.35085,1.35097,1.13,1.50
2013.02.04 12:01:55.983,1.35081,1.35096,1.13,1.50
2013.02.04 12:01:56.535,1.35082,1.35097,1.13,1.50
2013.02.04 12:01:56.604,1.35082,1.35099,1.13,2.25
2013.02.04 12:01:57.214,1.35082,1.35098,1.13,1.50
2013.02.04 12:01:57.984,1.35081,1.35097,1.88,2.25
2013.02.04 12:01:59.465,1.35073,1.35092,1.47,1.13
2013.02.04 12:01:59.703,1.35072,1.3509,1.50,1.13
2013.02.04 12:02:01.084,1.35073,1.35091,1.50,1.13
2013.02.04 12:02:01.523,1.35072,1.3509,1.50,1.13
2013.02.04 12:02:02.073,1.35069,1.3509,1.13,1.88
2013.02.04 12:02:02.686,1.35072,1.3509,1.50,1.88
2013.02.04 12:02:02.896,1.35071,1.3509,1.65,1.88
2013.02.04 12:02:03.163,1.35072,1.3509,1.50,1.88
2013.02.04 12:02:03.484,1.3507,1.3509,1.65,1.88
2013.02.04 12:02:09.123,1.35069,1.3509,1.13,2.63
2013.02.04 12:02:09.671,1.35068,1.35085,1.13,1.50
2013.02.04 12:02:10.129,1.35081,1.35088,3.75,1.50
2013.02.04 12:02:10.315,1.35079,1.35093,2.25,1.50
2013.02.04 12:02:10.446,1.35087,1.35095,1.50,1.13
2013.02.04 12:02:10.696,1.35085,1.35095,1.32,1.13
2013.02.04 12:02:10.944,1.35086,1.35095,3.23,1.13
2013.02.04 12:02:11.004,1.35085,1.35095,1.50,1.13
2013.02.04 12:02:11.245,1.35083,1.35095,1.50,1.13
2013.02.04 12:02:11.315,1.35083,1.35103,1.50,2.48
2013.02.04 12:02:11.386,1.35084,1.35102,1.32,1.73
2013.02.04 12:02:11.815,1.35082,1.351,1.50,1.73
2013.02.04 12:02:12.346,1.35082,1.35101,1.50,1.73
2013.02.04 12:02:12.595,1.35084,1.35102,2.25,1.73
2013.02.04 12:02:12.785,1.35084,1.35102,3.00,1.50
2013.02.04 12:02:12.853,1.35084,1.35106,3.00,3.98
2013.02.04 12:02:13.095,1.35085,1.35102,1.50,1.50
2013.02.04 12:02:13.465,1.35089,1.35105,1.32,1.73
2013.02.04 12:02:13.537,1.35089,1.35107,1.32,2.48
2013.02.04 12:02:13.667,1.35089,1.35107,1.32,1.50
2013.02.04 12:02:13.735,1.3509,1.35109,1.65,3.75
2013.02.04 12:02:14.044,1.35093,1.35112,1.50,1.73
2013.02.04 12:02:14.464,1.35093,1.35112,1.50,1.73
2013.02.04 12:02:14.584,1.35093,1.35112,1.50,1.73
2013.02.04 12:02:14.706,1.35093,1.35111,2.25,1.73
2013.02.04 12:02:14.835,1.35089,1.35108,2.40,1.73
2013.02.04 12:02:15.143,1.35094,1.35109,1.32,1.73
2013.02.04 12:02:15.205,1.35094,1.35109,1.32,1.73
2013.02.04 12:02:15.334,1.35094,1.35111,1.32,1.73
2013.02.04 12:02:17.656,1.35097,1.35114,1.32,2.48
2013.02.04 12:02:17.724,1.351,1.35114,1.13,1.50
2013.02.04 12:02:17.915,1.35095,1.35112,1.32,1.50
2013.02.04 12:02:17.975,1.35094,1.35112,1.50,1.50
2013.02.04 12:02:18.513,1.35091,1.3511,1.47,1.73
2013.02.04 12:02:20.163,1.35091,1.35109,1.47,1.73
2013.02.04 12:02:20.464,1.3509,1.35106,1.65,1.73
2013.02.04 12:02:21.083,1.35088,1.35104,1.50,1.35
2013.02.04 12:02:21.384,1.3509,1.35106,1.50,1.35
2013.02.04 12:02:21.445,1.35097,1.35108,1.32,1.50
2013.02.04 12:02:21.515,1.35097,1.35113,1.32,1.28
2013.02.04 12:02:23.024,1.35098,1.35115,1.50,1.35
2013.02.04 12:02:23.145,1.35098,1.35113,1.50,1.13
2013.02.04 12:02:23.517,1.35097,1.35113,1.32,1.13
2013.02.04 12:02:23.804,1.35099,1.35114,1.32,1.13
2013.02.04 12:02:24.265,1.35099,1.35114,1.32,1.88
2013.02.04 12:02:24.776,1.35099,1.35114,1.32,1.88
2013.02.04 12:02:25.628,1.35097,1.35114,1.88,1.88
2013.02.04 12:02:26.164,1.35095,1.35112,1.32,1.73
2013.02.04 12:02:26.526,1.35097,1.35112,1.32,2.48
2013.02.04 12:02:26.844,1.35102,1.35116,1.32,1.13
2013.02.04 12:02:28.984,1.35102,1.3512,1.32,2.48
2013.02.04 12:02:29.104,1.35103,1.3512,2.07,1.73
2013.02.04 12:02:30.514,1.35104,1.3512,1.50,1.73
2013.02.04 12:02:30.693,1.35104,1.3512,2.07,1.73
2013.02.04 12:02:31.567,1.35107,1.35125,1.50,1.13
2013.02.04 12:02:31.894,1.35107,1.35125,1.50,1.13
2013.02.04 12:02:32.384,1.35107,1.35125,1.50,1.13
2013.02.04 12:02:33.359,1.35109,1.35126,1.32,2.85
2013.02.04 12:02:33.426,1.35109,1.35126,1.32,2.85
2013.02.04 12:02:33.555,1.3511,1.35126,1.92,1.88
2013.02.04 12:02:33.944,1.3511,1.35126,1.32,1.13
2013.02.04 12:02:35.283,1.3511,1.35125,1.13,1.13
2013.02.04 12:02:35.344,1.35106,1.35125,4.32,1.13
2013.02.04 12:02:35.405,1.35106,1.35121,3.57,1.50
2013.02.04 12:02:35.475,1.35106,1.35121,1.32,1.50
2013.02.04 12:02:35.855,1.35105,1.35119,1.50,2.48
2013.02.04 12:02:35.986,1.35101,1.35119,2.25,2.48
2013.02.04 12:02:36.173,1.35101,1.35119,3.75,1.73
2013.02.04 12:02:36.413,1.35105,1.35125,1.50,2.63
2013.02.04 12:02:36.670,1.35105,1.35125,1.50,1.88
2013.02.04 12:02:36.977,1.35101,1.35111,1.50,1.13
2013.02.04 12:02:37.106,1.35098,1.3511,1.50,1.13
2013.02.04 12:02:37.305,1.35092,1.3511,1.32,1.35
2013.02.04 12:02:37.561,1.35095,1.35112,1.35,1.35
2013.02.04 12:02:37.915,1.35107,1.35118,1.50,1.50
2013.02.04 12:02:38.190,1.35107,1.35124,2.07,1.13
2013.02.04 12:02:38.265,1.35108,1.35124,1.50,1.13
2013.02.04 12:02:38.588,1.35113,1.35125,1.50,1.13
2013.02.04 12:02:39.194,1.35113,1.3513,3.57,1.13
2013.02.04 12:02:39.554,1.3511,1.35125,1.50,1.73
2013.02.04 12:02:39.794,1.35113,1.35129,1.50,1.13
2013.02.04 12:02:40.299,1.35115,1.35129,2.07,1.13
2013.02.04 12:02:41.319,1.35115,1.35129,2.07,1.13
2013.02.04 12:02:42.200,1.35115,1.35129,2.07,1.13
2013.02.04 12:02:43.555,1.35113,1.35129,2.07,1.13
2013.02.04 12:02:43.626,1.35113,1.35126,1.32,1.50
2013.02.04 12:02:43.884,1.3511,1.35125,1.13,1.73
2013.02.04 12:02:45.077,1.35107,1.35125,2.63,1.13
2013.02.04 12:02:45.154,1.35107,1.35125,2.07,1.13
2013.02.04 12:02:46.091,1.35107,1.35125,2.82,1.13
2013.02.04 12:02:46.153,1.35109,1.35125,1.50,1.13
2013.02.04 12:02:47.434,1.3511,1.35126,1.32,1.13
2013.02.04 12:02:47.933,1.35108,1.35124,1.32,1.88
2013.02.04 12:02:48.483,1.35108,1.35123,2.25,1.73
2013.02.04 12:02:49.024,1.35108,1.35122,1.50,1.73
2013.02.04 12:02:49.328,1.35106,1.35117,1.50,1.88
2013.02.04 12:02:49.469,1.35103,1.35115,2.25,1.50
2013.02.04 12:02:49.537,1.35103,1.35118,1.50,1.35
2013.02.04 12:02:50.125,1.35103,1.35118,1.50,1.35
2013.02.04 12:02:50.647,1.35102,1.35118,2.07,1.13
2013.02.04 12:02:50.894,1.35102,1.35118,3.57,1.13
2013.02.04 12:02:51.014,1.35102,1.35118,2.82,1.13
2013.02.04 12:02:51.564,1.35102,1.35117,1.32,1.13
2013.02.04 12:02:52.115,1.35101,1.35117,2.07,1.13
2013.02.04 12:02:52.644,1.35101,1.35117,2.07,1.13
2013.02.04 12:02:53.462,1.35101,1.35117,2.07,1.13
2013.02.04 12:02:53.536,1.35101,1.35118,2.07,1.13
2013.02.04 12:02:54.049,1.35109,1.35126,1.32,1.50
2013.02.04 12:02:54.259,1.35107,1.35126,1.50,1.65
2013.02.04 12:02:57.776,1.35107,1.35126,1.50,1.50
2013.02.04 12:02:58.944,1.35104,1.35123,1.69,1.73
2013.02.04 12:02:59.508,1.35105,1.35124,2.40,1.73
2013.02.04 12:03:03.108,1.35105,1.35124,2.40,1.73
2013.02.04 12:03:03.634,1.35105,1.35121,1.65,1.50
2013.02.04 12:03:04.344,1.35105,1.35121,1.65,1.50
2013.02.04 12:03:04.748,1.3511,1.35124,1.32,2.48
2013.02.04 12:03:04.885,1.3511,1.35124,1.32,1.50
2013.02.04 12:03:05.275,1.35109,1.35122,1.32,1.50
2013.02.04 12:03:05.407,1.35105,1.3512,2.97,1.73
2013.02.04 12:03:05.783,1.35105,1.3512,1.47,1.73
2013.02.04 12:03:05.844,1.35105,1.3512,1.47,1.73
2013.02.04 12:03:06.979,1.35102,1.35118,1.69,1.73
2013.02.04 12:03:07.045,1.35097,1.35117,2.82,1.65
2013.02.04 12:03:07.176,1.35095,1.35114,2.22,1.73
2013.02.04 12:03:07.363,1.35097,1.35114,1.65,1.50
2013.02.04 12:03:08.014,1.35098,1.35114,1.65,1.50
2013.02.04 12:03:08.315,1.35098,1.35114,1.65,1.50
2013.02.04 12:03:09.155,1.35108,1.35122,1.50,3.23
2013.02.04 12:03:09.238,1.35108,1.35121,1.50,1.50
2013.02.04 12:03:09.319,1.35108,1.35121,1.50,1.50
2013.02.04 12:03:09.936,1.35104,1.35121,1.13,1.73
2013.02.04 12:03:10.066,1.35102,1.35118,1.65,1.65
2013.02.04 12:03:10.135,1.351,1.35117,2.40,2.63
2013.02.04 12:03:10.437,1.35096,1.35115,1.32,1.73
2013.02.04 12:03:10.984,1.35098,1.35116,2.25,1.73
2013.02.04 12:03:11.104,1.35098,1.35117,2.25,1.13
2013.02.04 12:03:11.499,1.35098,1.35117,2.25,1.13
2013.02.04 12:03:11.564,1.35098,1.35116,1.50,1.73
2013.02.04 12:03:12.125,1.35096,1.35115,1.88,2.48
2013.02.04 12:03:13.082,1.3509,1.35108,1.50,2.25
2013.02.04 12:03:16.463,1.35094,1.35108,1.13,1.50
2013.02.04 12:03:16.779,1.35089,1.35108,2.63,1.50
2013.02.04 12:03:17.085,1.35087,1.35104,1.13,2.25
2013.02.04 12:03:17.286,1.35091,1.35104,1.13,1.50
2013.02.04 12:03:17.594,1.35091,1.35108,1.13,1.50
2013.02.04 12:03:18.494,1.35091,1.35108,1.13,1.50
2013.02.04 12:03:18.975,1.35092,1.35108,1.13,1.50
2013.02.04 12:03:19.334,1.35092,1.35109,1.13,2.25
2013.02.04 12:03:19.694,1.35093,1.35109,1.65,1.50
2013.02.04 12:03:20.244,1.35093,1.35113,1.88,1.73
2013.02.04 12:03:21.017,1.35093,1.35113,1.88,1.73
2013.02.04 12:03:21.086,1.35098,1.35113,1.50,1.73
2013.02.04 12:03:22.455,1.35098,1.35116,1.50,1.50
2013.02.04 12:03:23.415,1.35097,1.35117,1.50,1.88
2013.02.04 12:03:24.378,1.35097,1.35117,1.50,1.88
2013.02.04 12:03:26.375,1.35092,1.35112,1.88,1.73
2013.02.04 12:03:26.596,1.35092,1.35112,1.88,1.73
2013.02.04 12:03:26.664,1.35092,1.35109,1.50,1.50
2013.02.04 12:03:26.933,1.35092,1.35109,1.50,1.50
2013.02.04 12:03:27.568,1.3509,1.35106,1.28,1.50
2013.02.04 12:03:28.015,1.3509,1.35106,1.13,1.50
2013.02.04 12:03:29.108,1.35087,1.35105,1.13,1.73
2013.02.04 12:03:33.126,1.35087,1.35105,1.13,1.73
2013.02.04 12:03:33.373,1.35086,1.35105,1.13,2.48
2013.02.04 12:03:35.523,1.35086,1.35105,1.13,2.48
2013.02.04 12:03:35.823,1.35086,1.35102,1.13,1.73
2013.02.04 12:03:36.374,1.35088,1.35105,1.47,1.73
2013.02.04 12:03:36.494,1.35088,1.35105,1.47,1.73
2013.02.04 12:03:37.853,1.35089,1.35107,1.65,1.50
2013.02.04 12:03:38.387,1.35086,1.35103,1.88,1.73
2013.02.04 12:03:42.254,1.35086,1.35103,1.88,1.73
2013.02.04 12:03:42.911,1.35086,1.35103,1.50,1.73
2013.02.04 12:03:45.616,1.35082,1.35101,1.65,1.73
2013.02.04 12:03:45.745,1.35081,1.35094,1.13,1.50
2013.02.04 12:03:45.875,1.35076,1.35091,2.03,1.50
2013.02.04 12:03:47.508,1.35071,1.3509,1.50,1.73
2013.02.04 12:03:47.636,1.35069,1.35087,1.13,1.50
2013.02.04 12:03:47.768,1.35068,1.35085,4.88,1.50
2013.02.04 12:03:48.074,1.35067,1.35084,1.13,1.73
2013.02.04 12:03:48.634,1.35065,1.35082,1.13,1.50
2013.02.04 12:03:49.373,1.35066,1.35082,1.13,1.73
2013.02.04 12:03:49.495,1.35067,1.35086,1.13,1.73
2013.02.04 12:03:49.615,1.3507,1.35087,1.65,2.25
2013.02.04 12:03:49.734,1.35073,1.35089,1.50,1.50
2013.02.04 12:03:49.794,1.35075,1.35091,1.50,1.73
2013.02.04 12:03:49.854,1.35077,1.35091,1.32,1.50
2013.02.04 12:03:50.034,1.35078,1.35092,1.50,1.50
2013.02.04 12:03:50.563,1.35078,1.35095,1.50,1.50
2013.02.04 12:03:50.685,1.35075,1.35093,6.00,1.50
2013.02.04 12:03:50.746,1.35075,1.35093,1.50,1.73
2013.02.04 12:03:50.935,1.35073,1.35092,3.00,1.73
2013.02.04 12:03:51.053,1.35073,1.35092,3.00,1.73
2013.02.04 12:03:51.384,1.35072,1.35092,3.00,2.48
2013.02.04 12:03:52.160,1.35072,1.35088,1.50,1.73
2013.02.04 12:03:52.464,1.35067,1.35083,1.13,2.25
2013.02.04 12:03:52.585,1.35069,1.35087,1.65,1.73
2013.02.04 12:03:52.644,1.35073,1.35089,1.50,2.25
2013.02.04 12:03:53.034,1.3507,1.35089,6.15,2.25
2013.02.04 12:03:53.153,1.3507,1.35087,1.65,1.50
2013.02.04 12:03:53.333,1.35067,1.35085,2.44,1.73
2013.02.04 12:03:54.793,1.35065,1.35081,1.50,1.50
2013.02.04 12:03:54.914,1.35064,1.35081,3.90,1.50
2013.02.04 12:03:54.974,1.35064,1.35078,3.00,1.50
2013.02.04 12:03:55.774,1.35059,1.35076,1.50,1.73
2013.02.04 12:03:56.224,1.35059,1.35075,1.13,1.73
2013.02.04 12:03:57.724,1.35059,1.35076,1.13,2.48
2013.02.04 12:03:57.908,1.35064,1.35076,1.35,1.50
2013.02.04 12:03:57.978,1.35066,1.35083,1.35,1.73
2013.02.04 12:03:58.403,1.35067,1.35083,1.50,1.73
2013.02.04 12:03:58.585,1.35066,1.35083,1.32,1.73
2013.02.04 12:03:59.657,1.35066,1.35082,1.88,1.73
2013.02.04 12:04:00.415,1.35066,1.35082,1.32,1.73
2013.02.04 12:04:01.225,1.35063,1.35082,2.82,1.73
2013.02.04 12:04:02.415,1.35064,1.35082,1.50,1.73
2013.02.04 12:04:03.002,1.35059,1.35078,1.13,1.73
2013.02.04 12:04:03.264,1.35061,1.35079,1.47,1.73
2013.02.04 12:04:03.815,1.35063,1.35079,1.32,1.50
2013.02.04 12:04:04.254,1.35059,1.35077,2.63,1.73
2013.02.04 12:04:05.364,1.35059,1.35075,1.13,1.73
2013.02.04 12:04:05.876,1.35059,1.35073,1.13,1.73
2013.02.04 12:04:06.884,1.35059,1.35073,1.13,2.48
2013.02.04 12:04:07.064,1.35053,1.35071,1.47,1.73
2013.02.04 12:04:07.246,1.3505,1.35065,1.47,1.50
2013.02.04 12:04:07.554,1.35048,1.35064,1.05,1.73
2013.02.04 12:04:07.613,1.35047,1.35064,1.88,1.73
2013.02.04 12:04:09.187,1.35047,1.35064,1.13,1.73
2013.02.04 12:04:10.103,1.35048,1.35064,1.47,1.73
2013.02.04 12:04:10.241,1.35048,1.35064,3.57,1.73
2013.02.04 12:04:10.439,1.35051,1.35069,1.35,1.50
2013.02.04 12:04:10.683,1.35051,1.35069,1.35,1.50
2013.02.04 12:04:11.004,1.3505,1.35067,1.50,1.50
2013.02.04 12:04:11.065,1.35048,1.35067,2.22,1.50
2013.02.04 12:04:11.246,1.35047,1.35064,1.69,1.50
2013.02.04 12:04:11.843,1.35048,1.35064,1.13,1.73
2013.02.04 12:04:12.383,1.35048,1.35064,1.13,1.50
2013.02.04 12:04:13.633,1.35048,1.35063,1.73,1.73
2013.02.04 12:04:14.324,1.35051,1.35066,1.13,1.50
2013.02.04 12:04:15.694,1.35048,1.35064,1.13,1.50
2013.02.04 12:04:16.054,1.35051,1.35067,1.92,1.50
2013.02.04 12:04:16.295,1.35051,1.35067,2.52,1.50
2013.02.04 12:04:16.594,1.35052,1.35073,2.63,2.25
2013.02.04 12:04:16.833,1.35055,1.35073,1.50,1.50
2013.02.04 12:04:17.384,1.35056,1.35073,1.50,1.50
2013.02.04 12:04:18.695,1.35056,1.35074,1.50,1.05
2013.02.04 12:04:30.733,1.35055,1.35073,1.35,1.50
2013.02.04 12:04:31.290,1.35051,1.35071,1.13,2.25
2013.02.04 12:04:31.637,1.35051,1.35071,1.13,2.25
2013.02.04 12:04:31.764,1.35051,1.35071,1.13,2.25
2013.02.04 12:04:32.554,1.35056,1.35071,1.13,1.50
2013.02.04 12:04:32.616,1.35056,1.35074,1.88,2.25
2013.02.04 12:04:40.106,1.35056,1.35074,1.88,2.25
2013.02.04 12:04:44.305,1.35056,1.35074,1.88,2.25
2013.02.04 12:04:44.884,1.35054,1.35071,1.73,1.13
2013.02.04 12:04:45.064,1.35048,1.35063,1.13,1.50
2013.02.04 12:04:45.873,1.3505,1.35067,1.13,1.50
2013.02.04 12:04:45.993,1.3505,1.35069,1.13,2.48
2013.02.04 12:04:46.574,1.3505,1.3507,1.88,1.50
2013.02.04 12:04:47.114,1.3505,1.3507,1.88,1.50
2013.02.04 12:04:47.724,1.3505,1.35068,1.13,2.25
2013.02.04 12:04:48.084,1.35045,1.35063,1.69,1.50
2013.02.04 12:04:48.754,1.35045,1.35063,1.13,1.50
2013.02.04 12:04:48.874,1.35045,1.35063,1.13,1.50
2013.02.04 12:04:48.994,1.35044,1.35064,1.50,2.40
2013.02.04 12:04:49.053,1.35044,1.35064,1.50,2.40
2013.02.04 12:04:50.126,1.35042,1.3506,2.07,1.88
2013.02.04 12:04:50.433,1.35041,1.3506,2.48,2.25
2013.02.04 12:04:50.554,1.35038,1.35057,1.28,1.50
2013.02.04 12:04:50.673,1.35039,1.35059,1.13,1.73
2013.02.04 12:04:50.854,1.35043,1.35061,1.50,1.73
2013.02.04 12:04:51.033,1.35042,1.35061,2.07,1.50
2013.02.04 12:04:52.144,1.35041,1.3506,1.54,1.50
2013.02.04 12:04:52.504,1.35037,1.35055,1.28,1.73
2013.02.04 12:04:53.065,1.35037,1.35055,1.28,1.73
2013.02.04 12:04:53.763,1.35037,1.35055,1.28,1.73
2013.02.04 12:04:54.636,1.35037,1.35057,1.28,1.73
2013.02.04 12:04:54.763,1.35037,1.35057,1.28,2.48
2013.02.04 12:04:57.295,1.35037,1.35057,1.28,1.73
2013.02.04 12:04:57.842,1.3504,1.35057,1.65,1.73
2013.02.04 12:04:58.653,1.35039,1.35058,1.50,2.48
2013.02.04 12:04:59.054,1.35037,1.35057,1.05,1.73
2013.02.04 12:05:04.570,1.35036,1.35056,1.65,2.48
2013.02.04 12:05:05.160,1.35035,1.35055,1.65,1.73
2013.02.04 12:05:15.728,1.35034,1.35054,1.13,2.48
2013.02.04 12:05:16.035,1.35032,1.35046,1.13,1.50
2013.02.04 12:05:16.395,1.35032,1.35047,1.13,1.73
2013.02.04 12:05:16.694,1.35032,1.35051,1.88,3.00
2013.02.04 12:05:17.332,1.35031,1.3505,1.13,3.00
2013.02.04 12:05:17.904,1.35031,1.35049,1.13,1.50
2013.02.04 12:05:19.904,1.35029,1.35049,1.13,1.73
2013.02.04 12:05:20.913,1.3503,1.35049,1.13,1.73
2013.02.04 12:05:22.899,1.3503,1.35049,1.13,1.73
2013.02.04 12:05:25.603,1.35029,1.35049,1.13,1.73
2013.02.04 12:05:25.905,1.35024,1.35043,1.13,1.73
2013.02.04 12:05:25.966,1.35023,1.3504,1.50,1.13
2013.02.04 12:05:26.155,1.35021,1.35039,1.65,1.73
2013.02.04 12:05:26.215,1.35021,1.3504,1.65,1.13
2013.02.04 12:05:26.405,1.35021,1.3504,1.65,1.13
2013.02.04 12:05:26.975,1.35022,1.3504,1.50,1.13
2013.02.04 12:05:27.466,1.3502,1.35038,1.88,1.50
2013.02.04 12:05:27.975,1.3502,1.35035,1.13,1.73
2013.02.04 12:05:28.404,1.3502,1.35038,1.13,1.50
2013.02.04 12:05:28.825,1.35021,1.3504,1.65,1.13
2013.02.04 12:05:29.401,1.35021,1.3504,1.65,1.13
2013.02.04 12:05:31.834,1.35022,1.35041,2.25,1.13
2013.02.04 12:05:32.344,1.35024,1.35043,1.32,2.10
2013.02.04 12:05:32.854,1.35024,1.35042,2.07,1.13
2013.02.04 12:05:33.396,1.35022,1.3504,2.82,1.13
2013.02.04 12:05:33.644,1.35022,1.3504,2.07,1.13
2013.02.04 12:05:35.152,1.3502,1.3504,1.69,1.13
2013.02.04 12:05:35.918,1.35019,1.35038,1.65,1.13
2013.02.04 12:05:36.662,1.35019,1.35038,2.40,1.13
2013.02.04 12:05:37.014,1.35019,1.35038,3.15,1.13
2013.02.04 12:05:37.576,1.35019,1.35037,1.65,1.73
2013.02.04 12:05:37.645,1.35018,1.35037,1.47,1.73
2013.02.04 12:05:37.715,1.35018,1.35037,1.47,2.48
2013.02.04 12:05:38.015,1.35017,1.35037,2.44,2.48
2013.02.04 12:05:43.068,1.35016,1.35036,1.50,1.73
2013.02.04 12:05:43.195,1.35015,1.35036,2.40,1.73
2013.02.04 12:05:44.430,1.35015,1.35033,1.65,1.73
2013.02.04 12:05:44.909,1.35016,1.35033,1.13,1.73
2013.02.04 12:05:45.214,1.35018,1.35036,1.13,1.73
2013.02.04 12:05:45.783,1.35017,1.35037,1.50,1.73
2013.02.04 12:05:48.091,1.35017,1.35037,1.50,2.48
2013.02.04 12:05:48.765,1.35018,1.35037,1.50,1.73
2013.02.04 12:05:48.834,1.35019,1.3504,1.50,2.48
2013.02.04 12:05:48.895,1.35021,1.3504,1.50,1.73
2013.02.04 12:05:49.075,1.35021,1.35041,3.00,1.13
2013.02.04 12:05:50.198,1.3502,1.35041,1.50,1.13
2013.02.04 12:05:50.266,1.3502,1.35041,1.50,1.13
2013.02.04 12:05:50.394,1.3502,1.35041,1.50,1.13
2013.02.04 12:05:50.815,1.3502,1.35039,1.50,1.73
2013.02.04 12:05:51.721,1.3502,1.35039,1.50,1.73
2013.02.04 12:05:52.625,1.35022,1.35042,1.50,1.13
2013.02.04 12:05:52.864,1.35021,1.35041,1.32,1.13
2013.02.04 12:05:56.435,1.35021,1.35041,1.50,1.13
2013.02.04 12:05:56.794,1.35024,1.35042,3.38,1.13
2013.02.04 12:05:56.915,1.35027,1.35047,1.88,1.73
2013.02.04 12:05:57.514,1.35027,1.35046,1.13,1.73
2013.02.04 12:05:57.814,1.35027,1.35047,1.13,2.48
2013.02.04 12:06:03.106,1.35028,1.35049,2.22,2.40
2013.02.04 12:06:03.234,1.35028,1.35049,2.22,1.65
2013.02.04 12:06:04.196,1.35028,1.35049,4.47,2.40
2013.02.04 12:06:05.944,1.35031,1.3505,1.32,1.88
2013.02.04 12:06:07.435,1.35031,1.35051,2.25,2.10
2013.02.04 12:06:10.915,1.35034,1.35052,1.50,1.13
2013.02.04 12:06:12.200,1.35035,1.35053,1.65,1.50
2013.02.04 12:06:12.278,1.35035,1.35056,2.40,1.88
2013.02.04 12:06:12.778,1.35037,1.35056,1.50,1.13
2013.02.04 12:06:12.846,1.35036,1.35056,1.50,1.88
2013.02.04 12:06:20.096,1.35037,1.35056,1.35,1.13
2013.02.04 12:06:20.166,1.3504,1.35056,1.50,1.13
2013.02.04 12:06:20.297,1.35042,1.35061,2.25,1.13
2013.02.04 12:06:23.012,1.35043,1.35062,1.50,1.50
2013.02.04 12:06:23.834,1.35046,1.35066,1.32,1.73
2013.02.04 12:06:23.958,1.35048,1.35068,1.50,1.50
2013.02.04 12:06:24.336,1.35047,1.35068,1.50,1.73
2013.02.04 12:06:24.896,1.35046,1.35068,3.57,2.48
2013.02.04 12:06:24.978,1.35046,1.35067,2.82,2.48
2013.02.04 12:06:26.551,1.35046,1.35067,2.25,2.48
2013.02.04 12:06:27.145,1.35046,1.35067,2.25,1.73
2013.02.04 12:06:27.664,1.35046,1.35067,1.50,3.23
2013.02.04 12:06:27.966,1.35046,1.35066,1.50,2.48
2013.02.04 12:06:28.275,1.35041,1.35061,1.13,1.73
2013.02.04 12:06:29.695,1.35041,1.3506,1.13,2.48
2013.02.04 12:06:29.996,1.35036,1.35056,1.50,2.63
2013.02.04 12:06:30.065,1.35035,1.35056,2.97,3.38
2013.02.04 12:06:30.500,1.35036,1.35055,1.50,1.73
2013.02.04 12:06:31.739,1.35041,1.35061,3.23,1.13
2013.02.04 12:06:33.063,1.35041,1.35061,3.23,1.13
2013.02.04 12:06:36.694,1.35038,1.35058,1.50,1.88
2013.02.04 12:06:36.814,1.35038,1.35058,2.33,1.13
2013.02.04 12:06:37.116,1.3504,1.35058,1.58,1.13
2013.02.04 12:06:39.674,1.35041,1.35062,1.73,1.13
2013.02.04 12:06:40.185,1.3504,1.35059,2.29,1.13
2013.02.04 12:06:41.535,1.35041,1.35058,1.50,1.88
2013.02.04 12:06:41.955,1.35041,1.35058,1.73,1.13
2013.02.04 12:06:44.115,1.35043,1.35061,1.13,1.50
2013.02.04 12:06:44.357,1.3505,1.35065,1.73,1.50
2013.02.04 12:06:44.884,1.35048,1.35067,1.50,1.50
2013.02.04 12:06:45.066,1.35047,1.35067,1.88,1.50
2013.02.04 12:06:45.207,1.35047,1.35063,1.13,1.50
2013.02.04 12:06:47.575,1.35046,1.35065,1.47,1.50
2013.02.04 12:06:47.878,1.35047,1.35066,2.63,1.50
2013.02.04 12:06:47.947,1.35051,1.35067,1.73,1.50
2013.02.04 12:06:51.165,1.3505,1.35071,2.48,2.40
2013.02.04 12:06:51.685,1.35049,1.35071,2.48,2.40
2013.02.04 12:06:53.062,1.3505,1.35068,3.23,1.50
2013.02.04 12:06:53.225,1.3505,1.35068,3.23,1.50
2013.02.04 12:06:54.027,1.3505,1.35068,3.23,1.50
2013.02.04 12:06:54.128,1.3505,1.35068,3.23,1.50
2013.02.04 12:06:54.445,1.35051,1.35068,1.73,1.50
2013.02.04 12:06:54.634,1.35053,1.35071,1.50,1.65
2013.02.04 12:06:55.265,1.35053,1.35072,1.50,1.13
2013.02.04 12:06:55.623,1.3506,1.35075,2.10,1.50
2013.02.04 12:06:55.924,1.35063,1.35079,1.65,1.50
2013.02.04 12:06:56.107,1.35063,1.3508,1.65,1.50
2013.02.04 12:06:56.174,1.35063,1.35081,1.65,1.50
2013.02.04 12:06:57.134,1.35063,1.35081,1.50,2.25
2013.02.04 12:06:57.499,1.3506,1.3508,2.63,1.50
2013.02.04 12:06:57.757,1.3506,1.35081,2.63,3.00
2013.02.04 12:06:58.676,1.3506,1.3508,2.63,1.50
2013.02.04 12:06:59.147,1.3506,1.3508,2.63,1.50
2013.02.04 12:06:59.466,1.3506,1.35081,2.63,2.25
2013.02.04 12:07:00.164,1.3506,1.3508,2.63,1.50
2013.02.04 12:07:00.645,1.35059,1.35078,1.13,1.50
2013.02.04 12:07:02.634,1.35057,1.35077,3.00,2.25
2013.02.04 12:07:02.693,1.35057,1.3507,2.63,1.13
2013.02.04 12:07:02.754,1.35057,1.3507,1.65,1.13
2013.02.04 12:07:02.934,1.35052,1.35069,1.73,1.50
2013.02.04 12:07:02.994,1.35052,1.35072,1.73,1.13
2013.02.04 12:07:03.305,1.35052,1.35072,1.73,1.13
2013.02.04 12:07:03.374,1.35055,1.35072,1.32,1.13
2013.02.04 12:07:03.684,1.35059,1.35076,1.13,1.50
2013.02.04 12:07:04.225,1.35058,1.35075,1.65,1.50
2013.02.04 12:07:05.754,1.35057,1.35077,1.88,2.25
2013.02.04 12:07:07.075,1.35057,1.35077,1.88,1.50
2013.02.04 12:07:10.655,1.3506,1.35077,1.88,1.50
2013.02.04 12:07:11.654,1.35059,1.35079,1.88,1.50
2013.02.04 12:07:12.793,1.35059,1.3508,1.88,1.50
2013.02.04 12:07:13.249,1.35059,1.35081,2.63,1.88
2013.02.04 12:07:13.315,1.3506,1.35081,1.65,1.13
2013.02.04 12:07:13.506,1.35067,1.35083,1.73,1.13
2013.02.04 12:07:14.054,1.35063,1.35083,3.04,1.13
2013.02.04 12:07:14.423,1.35063,1.35083,3.04,1.13
2013.02.04 12:07:16.745,1.35063,1.35083,3.79,1.13
2013.02.04 12:07:17.046,1.35068,1.35088,1.73,2.03
2013.02.04 12:07:18.398,1.35069,1.35088,1.13,1.65
2013.02.04 12:07:18.914,1.35069,1.35088,1.13,1.50
2013.02.04 12:07:20.924,1.35068,1.35086,1.88,1.50
2013.02.04 12:07:21.554,1.35068,1.35086,1.13,3.00
2013.02.04 12:07:21.915,1.3506,1.35074,1.73,1.13
2013.02.04 12:07:22.095,1.35058,1.35074,1.50,1.13
2013.02.04 12:07:22.274,1.35055,1.35073,1.50,1.50
2013.02.04 12:07:22.454,1.35054,1.35072,2.40,1.50
2013.02.04 12:07:22.514,1.35054,1.35072,2.40,1.50
2013.02.04 12:07:23.135,1.35053,1.35072,2.63,2.25
2013.02.04 12:07:24.425,1.35054,1.35072,2.40,3.00
2013.02.04 12:07:24.484,1.35056,1.35072,1.50,1.50
2013.02.04 12:07:24.544,1.35056,1.35074,2.25,1.13
2013.02.04 12:07:24.604,1.35059,1.35077,2.25,2.85
2013.02.04 12:07:24.725,1.35059,1.35077,2.48,1.88
2013.02.04 12:07:26.435,1.35059,1.35076,3.23,1.13
2013.02.04 12:07:26.816,1.35057,1.35074,1.73,1.13
2013.02.04 12:07:27.375,1.35057,1.35073,1.50,1.65
2013.02.04 12:07:27.435,1.35057,1.35072,1.50,1.50
2013.02.04 12:07:27.614,1.35055,1.35073,1.73,1.65
2013.02.04 12:07:29.934,1.35054,1.35074,3.98,1.13
2013.02.04 12:07:30.054,1.35056,1.35075,1.35,1.88
2013.02.04 12:07:30.356,1.35058,1.35075,1.50,1.88
2013.02.04 12:07:31.005,1.35056,1.35074,1.32,1.13
2013.02.04 12:07:31.255,1.35055,1.35074,1.50,2.10
2013.02.04 12:07:31.785,1.35054,1.35073,2.33,1.65
2013.02.04 12:07:42.665,1.35055,1.35074,1.88,2.48
2013.02.04 12:07:42.724,1.35056,1.35075,1.73,1.73
2013.02.04 12:07:48.715,1.35056,1.35075,2.63,1.50
2013.02.04 12:07:48.967,1.35061,1.35077,2.25,1.13
2013.02.04 12:07:49.034,1.35063,1.35079,1.50,1.13
2013.02.04 12:07:49.395,1.35065,1.3508,1.50,1.13
2013.02.04 12:07:49.914,1.35067,1.3508,1.50,1.13
2013.02.04 12:07:49.976,1.35068,1.35086,1.13,1.65
2013.02.04 12:07:50.565,1.35068,1.35086,1.88,1.50
2013.02.04 12:07:55.464,1.35068,1.35087,1.88,1.65
2013.02.04 12:07:56.672,1.35064,1.35082,1.69,1.50
2013.02.04 12:07:56.975,1.35067,1.35085,1.13,2.25
2013.02.04 12:07:57.054,1.35067,1.35085,1.69,2.25
2013.02.04 12:07:57.720,1.35065,1.35085,2.44,1.50
2013.02.04 12:07:58.277,1.35064,1.35085,2.10,2.63
2013.02.04 12:07:58.346,1.35064,1.35084,1.13,2.85
2013.02.04 12:07:59.015,1.35064,1.35082,1.13,1.50
2013.02.04 12:08:00.414,1.35065,1.35086,2.40,1.88
2013.02.04 12:08:00.864,1.35066,1.35086,3.15,1.13
2013.02.04 12:08:06.164,1.35066,1.35085,3.79,1.13
2013.02.04 12:08:06.485,1.35068,1.35086,2.29,1.88
2013.02.04 12:08:09.206,1.35069,1.35086,1.54,1.88
2013.02.04 12:08:09.515,1.35072,1.35089,1.73,1.13
2013.02.04 12:08:09.575,1.35071,1.35089,3.23,1.13
2013.02.04 12:08:09.696,1.35069,1.35087,3.04,1.13
2013.02.04 12:08:09.825,1.35069,1.35087,3.04,1.13
2013.02.04 12:08:10.436,1.35069,1.35087,2.29,1.13
2013.02.04 12:08:14.413,1.35072,1.3509,1.32,1.88
2013.02.04 12:08:17.375,1.35072,1.35086,1.54,1.13
2013.02.04 12:08:21.123,1.35072,1.3509,1.54,2.25
2013.02.04 12:08:25.355,1.3507,1.3509,1.13,2.25
2013.02.04 12:08:25.485,1.35068,1.35085,1.88,1.50
2013.02.04 12:08:26.025,1.35071,1.35085,1.13,1.50
2013.02.04 12:08:26.155,1.3507,1.35085,1.13,1.50
2013.02.04 12:08:26.718,1.35066,1.35085,3.57,1.50
2013.02.04 12:08:27.264,1.35066,1.35084,1.09,1.50
2013.02.04 12:08:29.294,1.35065,1.35084,1.28,2.25
2013.02.04 12:08:29.915,1.35065,1.35082,1.28,1.50
2013.02.04 12:08:30.096,1.3506,1.35079,1.80,1.50
2013.02.04 12:08:30.164,1.3506,1.35079,1.13,1.50
2013.02.04 12:08:31.542,1.35061,1.35079,2.07,1.50
2013.02.04 12:08:32.044,1.35061,1.3508,1.65,1.65
2013.02.04 12:08:37.894,1.35061,1.3508,3.57,1.50
2013.02.04 12:08:37.954,1.35062,1.35081,1.50,1.88
2013.02.04 12:08:38.076,1.35064,1.35084,2.48,1.13
2013.02.04 12:08:38.861,1.35066,1.35084,2.25,1.13
2013.02.04 12:08:45.296,1.35066,1.35086,1.65,1.50
2013.02.04 12:09:01.674,1.35066,1.35086,2.40,2.25
2013.02.04 12:09:13.257,1.35069,1.35089,1.65,3.23
2013.02.04 12:09:13.385,1.35069,1.35089,2.22,1.73
2013.02.04 12:09:15.455,1.35072,1.35091,1.50,1.73
2013.02.04 12:09:16.173,1.3507,1.35089,2.40,1.73
2013.02.04 12:09:16.476,1.35068,1.35085,1.88,1.73
2013.02.04 12:09:19.595,1.35066,1.35086,2.03,3.23
2013.02.04 12:09:20.214,1.35068,1.35086,1.13,1.73
2013.02.04 12:09:28.853,1.35066,1.35086,2.25,1.73
2013.02.04 12:09:29.095,1.35065,1.35086,2.59,2.48
2013.02.04 12:09:36.569,1.35065,1.35085,1.28,1.73
2013.02.04 12:09:45.831,1.35065,1.35085,1.28,1.73
2013.02.04 12:09:48.023,1.35065,1.35085,1.13,1.50
2013.02.04 12:09:49.018,1.35065,1.35086,1.13,3.38
2013.02.04 12:09:50.154,1.35065,1.35086,1.13,3.15
2013.02.04 12:09:51.109,1.35065,1.35086,1.13,3.38
2013.02.04 12:09:52.474,1.35063,1.35081,2.63,1.73
2013.02.04 12:09:52.775,1.3506,1.35079,1.28,1.73
2013.02.04 12:09:55.908,1.35058,1.35078,1.28,3.23
2013.02.04 12:09:57.285,1.35063,1.35078,1.13,1.73
2013.02.04 12:09:59.095,1.35063,1.35078,1.13,2.48
2013.02.04 12:10:00.204,1.35063,1.35078,1.13,1.73
2013.02.04 12:10:01.435,1.35062,1.35078,2.25,1.73
2013.02.04 12:10:01.625,1.35061,1.35078,3.00,1.73
2013.02.04 12:10:01.805,1.3506,1.35078,1.50,1.73
2013.02.04 12:10:03.081,1.35058,1.35078,3.15,2.48
2013.02.04 12:10:06.295,1.35058,1.35077,2.40,2.48
2013.02.04 12:10:07.545,1.35057,1.35075,1.13,1.50
2013.02.04 12:10:09.976,1.35058,1.35077,1.65,1.73
2013.02.04 12:10:10.785,1.3506,1.35077,1.50,1.73
2013.02.04 12:10:13.075,1.3506,1.35077,1.50,1.73
2013.02.04 12:10:14.564,1.35061,1.35077,1.50,1.73
2013.02.04 12:10:18.684,1.35058,1.35078,1.88,1.73
2013.02.04 12:10:38.898,1.35058,1.35077,1.88,1.50
2013.02.04 12:10:44.275,1.35057,1.35075,1.65,1.50
2013.02.04 12:10:44.884,1.35056,1.35075,1.13,2.25
2013.02.04 12:10:45.706,1.35057,1.35075,1.13,2.25
2013.02.04 12:10:46.446,1.35057,1.35073,1.13,2.25
2013.02.04 12:10:46.514,1.35057,1.35073,1.13,2.25
2013.02.04 12:10:46.905,1.35057,1.3507,1.13,1.50
2013.02.04 12:10:47.232,1.35053,1.3507,1.35,5.25
2013.02.04 12:10:47.373,1.35052,1.3507,1.88,1.50
2013.02.04 12:10:54.466,1.35057,1.35078,2.63,4.65
2013.02.04 12:10:54.597,1.35057,1.35078,2.63,4.65
2013.02.04 12:10:55.246,1.35057,1.35077,2.63,1.65
2013.02.04 12:10:55.304,1.35057,1.35077,2.63,2.40
2013.02.04 12:10:56.195,1.35057,1.35074,1.73,1.50
2013.02.04 12:10:56.446,1.35057,1.35074,1.73,1.50
2013.02.04 12:10:57.426,1.35055,1.35074,1.50,1.50
2013.02.04 12:10:58.164,1.35054,1.35074,2.48,1.50
2013.02.04 12:10:59.866,1.35051,1.35071,3.38,2.25
2013.02.04 12:10:59.994,1.35051,1.35071,2.63,2.25
2013.02.04 12:11:00.545,1.35049,1.35069,1.13,2.48
2013.02.04 12:11:01.605,1.35048,1.35067,1.13,2.48
2013.02.04 12:11:01.674,1.35046,1.35067,1.65,3.60
2013.02.04 12:11:01.796,1.35047,1.35064,1.65,1.65
2013.02.04 12:11:02.097,1.35047,1.35057,1.65,1.50
2013.02.04 12:11:02.165,1.35043,1.35057,2.25,1.50
2013.02.04 12:11:02.406,1.35039,1.35057,1.13,2.48
2013.02.04 12:11:02.826,1.35041,1.35057,1.65,1.73
2013.02.04 12:11:03.187,1.35047,1.35065,2.25,2.63
2013.02.04 12:11:03.315,1.3505,1.35066,1.50,1.88
2013.02.04 12:11:04.096,1.35054,1.35068,1.50,1.13
2013.02.04 12:11:04.637,1.35051,1.35068,1.50,1.13
2013.02.04 12:11:08.535,1.35051,1.3507,3.23,2.03
2013.02.04 12:11:09.737,1.35055,1.35073,1.73,1.28
2013.02.04 12:11:09.865,1.35055,1.35073,2.48,1.28
2013.02.04 12:11:10.864,1.35055,1.35076,2.85,1.65
2013.02.04 12:11:10.986,1.35058,1.35077,1.50,1.05
2013.02.04 12:11:11.344,1.35059,1.35078,1.73,1.05
2013.02.04 12:11:11.464,1.35059,1.35078,1.73,1.05
2013.02.04 12:11:11.584,1.35059,1.35079,1.73,1.65
2013.02.04 12:11:15.895,1.35065,1.3508,2.48,1.88
2013.02.04 12:11:16.267,1.35068,1.35084,1.50,1.65
2013.02.04 12:11:16.336,1.35065,1.35084,2.48,2.40
2013.02.04 12:11:18.275,1.35062,1.3508,1.73,1.13
2013.02.04 12:11:18.336,1.35062,1.3508,1.73,1.13
2013.02.04 12:11:18.781,1.35061,1.3508,2.25,1.65
2013.02.04 12:11:19.878,1.35061,1.3508,2.48,1.65
2013.02.04 12:11:20.195,1.35061,1.3507,2.25,1.13
2013.02.04 12:11:20.377,1.35061,1.35069,2.25,1.65
2013.02.04 12:11:21.050,1.3505,1.35071,3.23,1.13
2013.02.04 12:11:21.725,1.35055,1.35073,2.48,1.28
2013.02.04 12:11:22.244,1.35053,1.35071,2.48,1.88
2013.02.04 12:11:23.424,1.35052,1.35069,1.50,1.65
2013.02.04 12:11:23.605,1.35052,1.35068,1.50,1.65
2013.02.04 12:11:23.975,1.35056,1.35072,1.73,1.28
2013.02.04 12:11:25.184,1.35055,1.35068,1.50,1.65
2013.02.04 12:11:25.485,1.35053,1.35068,1.50,1.65
2013.02.04 12:11:25.564,1.35051,1.35068,3.00,1.65
2013.02.04 12:11:25.784,1.35051,1.35068,3.00,1.65
2013.02.04 12:11:26.464,1.35051,1.35069,3.00,1.65
2013.02.04 12:11:26.645,1.35054,1.35071,1.50,1.13
2013.02.04 12:11:26.705,1.35054,1.35072,1.73,2.78
2013.02.04 12:11:26.766,1.35055,1.3507,1.73,1.13
2013.02.04 12:11:27.016,1.35059,1.35079,2.48,1.05
2013.02.04 12:11:27.134,1.35061,1.3508,1.50,1.05
2013.02.04 12:11:27.786,1.3506,1.35079,2.48,1.65
2013.02.04 12:11:28.476,1.35059,1.35078,2.48,2.25
2013.02.04 12:11:28.746,1.35058,1.35075,1.13,1.50
2013.02.04 12:11:29.115,1.35058,1.35077,1.88,1.50
2013.02.04 12:11:29.662,1.35058,1.3507,1.13,1.50
2013.02.04 12:11:29.852,1.35054,1.35072,2.48,1.13
2013.02.04 12:11:29.921,1.35054,1.35071,1.73,4.65
2013.02.04 12:11:30.699,1.35053,1.35072,1.50,2.03
2013.02.04 12:11:31.256,1.35053,1.35072,1.73,1.88
2013.02.04 12:11:31.447,1.35053,1.35072,2.48,1.28
2013.02.04 12:11:31.756,1.35056,1.35074,1.13,1.50
2013.02.04 12:11:32.005,1.35057,1.35077,2.48,1.50
2013.02.04 12:11:32.515,1.3506,1.35078,1.73,1.65
2013.02.04 12:11:32.593,1.3506,1.35079,2.48,1.65
2013.02.04 12:11:37.498,1.35064,1.35081,1.73,1.13
2013.02.04 12:11:37.686,1.35068,1.35087,1.50,2.40
2013.02.04 12:11:37.757,1.3507,1.35089,1.50,1.65
2013.02.04 12:11:37.826,1.35072,1.35088,1.73,1.50
2013.02.04 12:11:38.265,1.35072,1.35092,2.48,1.65
2013.02.04 12:11:38.384,1.35072,1.35091,2.48,1.50
2013.02.04 12:11:38.446,1.35072,1.35091,2.48,1.50
2013.02.04 12:11:41.387,1.35073,1.35095,2.48,3.38
2013.02.04 12:11:42.505,1.35073,1.35092,1.73,1.65
2013.02.04 12:11:42.746,1.35068,1.35088,1.73,1.50
2013.02.04 12:11:42.936,1.35067,1.35084,2.25,1.50
2013.02.04 12:11:42.995,1.35067,1.35084,1.50,1.50
2013.02.04 12:11:43.540,1.35067,1.35084,1.50,2.25
2013.02.04 12:11:43.724,1.35066,1.35084,1.13,1.50
2013.02.04 12:11:44.441,1.35066,1.35084,1.13,1.50
2013.02.04 12:11:45.519,1.35066,1.35084,1.13,1.50
2013.02.04 12:11:45.765,1.35065,1.35084,2.10,1.50
2013.02.04 12:11:45.825,1.35065,1.35084,2.10,1.50
2013.02.04 12:11:46.440,1.35065,1.35084,2.10,1.50
2013.02.04 12:11:46.754,1.35066,1.35085,1.13,1.50
2013.02.04 12:11:48.147,1.35066,1.35086,1.13,1.50
2013.02.04 12:11:48.694,1.35066,1.35087,1.88,1.50
2013.02.04 12:11:49.615,1.35066,1.35086,1.88,2.25
2013.02.04 12:11:49.674,1.35066,1.35086,1.88,3.00
2013.02.04 12:11:50.834,1.35066,1.35086,1.13,3.00
2013.02.04 12:11:52.624,1.35066,1.35085,1.13,1.50
2013.02.04 12:11:52.928,1.35063,1.35082,1.73,1.13
2013.02.04 12:12:00.052,1.35064,1.35085,1.73,2.63
2013.02.04 12:12:01.155,1.35063,1.35084,2.48,1.13
2013.02.04 12:12:02.175,1.35063,1.35082,1.73,1.88
2013.02.04 12:12:02.357,1.35066,1.35085,1.50,1.13
2013.02.04 12:12:03.245,1.35068,1.35085,1.73,1.13
2013.02.04 12:12:05.806,1.35067,1.35085,1.73,1.13
2013.02.04 12:12:06.356,1.35067,1.35084,2.48,1.13
2013.02.04 12:12:07.279,1.35064,1.35082,1.73,1.65
2013.02.04 12:12:13.626,1.35063,1.35082,1.88,1.50
2013.02.04 12:12:14.365,1.35062,1.3508,1.88,1.50
2013.02.04 12:12:17.195,1.3506,1.3508,1.35,2.25
2013.02.04 12:12:17.496,1.35057,1.35075,1.88,1.50
2013.02.04 12:12:18.516,1.3506,1.35075,1.13,1.50
2013.02.04 12:12:19.415,1.35058,1.35073,1.50,1.13
2013.02.04 12:12:19.535,1.35056,1.35071,1.50,1.65
2013.02.04 12:12:20.114,1.35055,1.35072,1.13,1.65
2013.02.04 12:12:21.938,1.35056,1.35072,1.50,1.65
2013.02.04 12:12:22.365,1.35055,1.35072,2.63,1.65
2013.02.04 12:12:22.866,1.35055,1.35073,1.50,2.63
2013.02.04 12:12:23.245,1.35055,1.35073,1.50,2.63
2013.02.04 12:12:24.085,1.35055,1.35072,1.50,1.65
2013.02.04 12:12:24.586,1.35058,1.35076,1.73,1.28
2013.02.04 12:12:25.096,1.35056,1.35076,1.73,2.03
2013.02.04 12:12:25.397,1.35058,1.35076,1.73,1.28
2013.02.04 12:12:27.386,1.35059,1.35076,1.13,1.28
2013.02.04 12:12:27.456,1.35062,1.35079,2.25,1.65
2013.02.04 12:12:27.758,1.35065,1.35079,2.48,1.50
2013.02.04 12:12:27.826,1.35063,1.35079,1.73,1.50
2013.02.04 12:12:28.366,1.35062,1.35083,1.73,2.25
2013.02.04 12:12:28.496,1.35062,1.3508,1.50,1.50
2013.02.04 12:12:29.175,1.3506,1.3508,1.73,1.50
2013.02.04 12:12:29.235,1.3506,1.3508,1.73,2.25
2013.02.04 12:12:30.187,1.3506,1.3508,1.73,2.25
2013.02.04 12:12:30.254,1.3506,1.3508,1.73,2.25
2013.02.04 12:12:30.565,1.35062,1.35081,1.73,1.50
2013.02.04 12:12:31.221,1.35062,1.35081,1.73,1.50
2013.02.04 12:12:32.126,1.35062,1.35081,1.73,1.50
2013.02.04 12:12:32.566,1.3506,1.35076,1.73,1.50
2013.02.04 12:12:32.756,1.3506,1.35074,1.65,1.13
2013.02.04 12:12:33.316,1.3506,1.35075,1.13,1.50
2013.02.04 12:12:34.184,1.3506,1.35078,1.13,2.25
2013.02.04 12:12:35.237,1.3506,1.35078,1.88,1.50
2013.02.04 12:12:37.547,1.35059,1.35078,1.13,2.25
2013.02.04 12:12:38.555,1.35058,1.35078,1.13,2.25
2013.02.04 12:12:45.119,1.35057,1.35074,1.88,1.13
2013.02.04 12:12:45.258,1.35054,1.3507,1.88,1.50
2013.02.04 12:12:46.786,1.35054,1.3507,1.13,1.50
2013.02.04 12:12:46.976,1.35049,1.35068,1.50,1.88
2013.02.04 12:12:47.525,1.35048,1.35067,1.50,1.73
2013.02.04 12:12:49.705,1.35048,1.35067,1.50,1.73
2013.02.04 12:12:50.026,1.35048,1.35068,1.50,1.65
2013.02.04 12:12:50.625,1.35048,1.35068,2.48,1.65
2013.02.04 12:12:52.915,1.35053,1.35071,1.50,1.13
2013.02.04 12:12:53.045,1.35053,1.35071,1.50,1.13
2013.02.04 12:12:56.905,1.35054,1.35069,1.50,1.13
2013.02.04 12:12:57.629,1.35053,1.35071,1.50,1.28
2013.02.04 12:12:59.502,1.35054,1.35069,1.50,1.13
2013.02.04 12:12:59.815,1.35059,1.35074,1.13,1.13
2013.02.04 12:12:59.936,1.35062,1.35079,1.13,1.13
2013.02.04 12:13:00.066,1.3506,1.3508,2.63,2.48
2013.02.04 12:13:00.611,1.35065,1.35084,1.50,1.73
2013.02.04 12:13:00.746,1.35062,1.35082,1.65,1.50
2013.02.04 12:13:02.185,1.35062,1.35082,3.15,1.50
2013.02.04 12:13:02.745,1.35062,1.35082,3.15,1.50
2013.02.04 12:13:02.947,1.35062,1.35082,1.65,3.00
2013.02.04 12:13:03.015,1.35062,1.35082,1.65,3.00
2013.02.04 12:13:03.135,1.35062,1.35081,1.65,1.73
2013.02.04 12:13:03.781,1.35062,1.35082,1.65,3.23
2013.02.04 12:13:07.414,1.35064,1.35082,1.50,2.48
2013.02.04 12:13:09.599,1.35062,1.35081,1.50,1.73
2013.02.04 12:13:09.996,1.35062,1.35081,1.50,1.73
2013.02.04 12:13:10.505,1.35061,1.35079,1.13,1.73
2013.02.04 12:13:15.564,1.35059,1.35079,1.13,1.88
2013.02.04 12:13:17.696,1.35059,1.35079,1.13,1.88
2013.02.04 12:13:19.245,1.35056,1.35076,2.85,1.50
2013.02.04 12:13:19.318,1.35056,1.35071,1.88,1.13
2013.02.04 12:13:20.157,1.35056,1.35071,1.13,1.35
2013.02.04 12:13:20.344,1.35056,1.35073,1.13,1.50
2013.02.04 12:13:20.849,1.35056,1.35075,1.13,1.50
2013.02.04 12:13:22.134,1.35056,1.35076,1.13,2.48
2013.02.04 12:13:22.316,1.35057,1.35078,2.40,1.88
2013.02.04 12:13:22.865,1.35057,1.35078,2.40,1.13
2013.02.04 12:13:25.934,1.35059,1.35078,1.50,1.88
2013.02.04 12:13:32.644,1.35059,1.35078,1.50,1.88
2013.02.04 12:13:35.146,1.35059,1.35078,1.50,1.73
2013.02.04 12:13:36.615,1.35059,1.35078,1.50,1.73
2013.02.04 12:13:37.496,1.35059,1.35078,1.50,2.48
2013.02.04 12:13:37.804,1.35056,1.35072,1.88,1.50
2013.02.04 12:13:38.106,1.35063,1.35077,1.50,1.50
2013.02.04 12:13:38.356,1.35063,1.35082,2.25,1.13
2013.02.04 12:13:39.135,1.35063,1.35081,2.25,1.13
2013.02.04 12:13:39.195,1.35061,1.35081,2.48,1.88
2013.02.04 12:13:39.764,1.35061,1.35079,1.50,1.13
2013.02.04 12:13:41.738,1.3506,1.35079,1.50,1.13
2013.02.04 12:13:41.872,1.35057,1.35075,1.65,1.50
2013.02.04 12:13:41.936,1.35057,1.35075,1.65,1.73
2013.02.04 12:13:42.556,1.35059,1.35077,1.50,1.73
2013.02.04 12:13:47.677,1.35059,1.35076,2.10,2.25
2013.02.04 12:13:47.927,1.35062,1.35081,1.50,3.23
2013.02.04 12:13:47.997,1.35063,1.35081,1.50,2.48
2013.02.04 12:13:48.066,1.35063,1.35081,1.50,1.73
2013.02.04 12:13:48.316,1.35063,1.35083,1.50,1.05
2013.02.04 12:13:49.074,1.35062,1.35081,1.50,1.65
2013.02.04 12:13:53.137,1.35061,1.35081,1.50,1.73
2013.02.04 12:13:53.206,1.3506,1.35079,1.50,1.50
2013.02.04 12:13:55.077,1.35059,1.35078,1.65,1.73
2013.02.04 12:13:55.325,1.35057,1.35076,1.88,1.73
2013.02.04 12:13:57.279,1.35057,1.35076,1.88,1.73
2013.02.04 12:13:57.527,1.35059,1.35079,1.65,2.25
2013.02.04 12:13:58.105,1.35059,1.35079,1.65,2.25
2013.02.04 12:13:58.713,1.35057,1.35076,1.88,1.73
2013.02.04 12:14:02.194,1.35057,1.35076,1.88,1.73
2013.02.04 12:14:06.936,1.35057,1.35075,1.80,1.73
2013.02.04 12:14:09.058,1.35056,1.35075,1.05,1.73
2013.02.04 12:14:09.204,1.35057,1.35075,1.65,1.73
2013.02.04 12:14:09.566,1.35057,1.35076,2.40,1.65
2013.02.04 12:14:10.185,1.35057,1.35076,2.40,1.65
2013.02.04 12:14:11.276,1.3506,1.35077,1.50,1.88
2013.02.04 12:14:11.525,1.35062,1.35078,2.25,1.13
2013.02.04 12:14:12.067,1.3506,1.35078,2.25,1.13
2013.02.04 12:14:12.203,1.3506,1.35078,2.25,1.13
2013.02.04 12:14:12.536,1.35059,1.35077,2.25,1.13
2013.02.04 12:14:12.726,1.35059,1.35078,2.25,1.13
2013.02.04 12:14:19.944,1.35059,1.35079,3.00,1.50
2013.02.04 12:14:22.204,1.35059,1.35079,3.00,1.50
2013.02.04 12:14:22.791,1.35059,1.35079,3.00,1.50
2013.02.04 12:14:23.938,1.35059,1.35077,2.25,1.50
2013.02.04 12:14:26.385,1.35059,1.35077,1.50,1.50
2013.02.04 12:14:26.508,1.35056,1.35077,3.19,1.73
2013.02.04 12:14:27.881,1.35056,1.35077,1.88,1.73
2013.02.04 12:14:28.184,1.35056,1.35074,1.88,2.48
2013.02.04 12:14:28.485,1.35055,1.35074,1.88,2.33
2013.02.04 12:14:29.106,1.35055,1.35072,1.88,1.73
2013.02.04 12:14:37.739,1.35053,1.35072,2.25,1.73
2013.02.04 12:14:39.486,1.35053,1.35072,1.50,1.73
2013.02.04 12:14:40.065,1.35052,1.35069,1.05,1.50
2013.02.04 12:14:40.255,1.35052,1.35069,1.05,1.50
2013.02.04 12:14:40.316,1.3505,1.35067,1.13,1.50
2013.02.04 12:14:40.854,1.35053,1.35071,1.13,2.25
2013.02.04 12:14:41.215,1.35053,1.35074,2.63,2.63
2013.02.04 12:14:41.335,1.35053,1.35074,2.63,1.88
2013.02.04 12:14:42.316,1.35055,1.35074,1.73,2.63
2013.02.04 12:14:42.857,1.35056,1.35074,1.73,1.88
2013.02.04 12:14:43.206,1.35065,1.3508,1.88,1.50
2013.02.04 12:14:43.756,1.35068,1.35085,1.50,2.40
2013.02.04 12:14:43.827,1.35066,1.35085,1.50,2.40
2013.02.04 12:14:43.896,1.35065,1.35085,1.13,3.15
2013.02.04 12:14:44.016,1.35063,1.35081,1.13,2.25
2013.02.04 12:14:45.358,1.35064,1.35081,1.13,1.50
2013.02.04 12:14:45.804,1.35065,1.35084,1.13,1.50
2013.02.04 12:14:46.345,1.35065,1.35084,1.13,2.25
2013.02.04 12:14:47.877,1.35065,1.35084,1.88,2.25
2013.02.04 12:14:47.947,1.35074,1.35087,1.50,1.88
2013.02.04 12:14:48.135,1.35074,1.35091,1.13,1.50
2013.02.04 12:14:50.121,1.35074,1.35092,1.35,2.25
2013.02.04 12:14:52.125,1.35073,1.35091,2.10,1.50
2013.02.04 12:14:53.147,1.35072,1.35091,1.35,1.50
2013.02.04 12:14:56.305,1.35072,1.35092,1.35,2.25
2013.02.04 12:14:56.557,1.35074,1.35092,1.35,2.25
2013.02.04 12:15:01.515,1.35074,1.35094,2.10,1.50
2013.02.04 12:15:02.575,1.35074,1.35094,2.10,1.50
2013.02.04 12:15:03.319,1.35076,1.35097,1.88,2.40
2013.02.04 12:15:04.575,1.35076,1.35094,1.35,1.50
2013.02.04 12:15:06.483,1.35077,1.35094,1.13,1.50
2013.02.04 12:15:06.925,1.35076,1.35097,2.85,1.50
2013.02.04 12:15:09.277,1.35076,1.35097,2.63,1.50
2013.02.04 12:15:10.291,1.35076,1.35097,2.85,1.50
2013.02.04 12:15:11.144,1.35078,1.35096,1.13,1.50
2013.02.04 12:15:11.944,1.35076,1.35096,1.88,1.50
2013.02.04 12:15:12.844,1.35075,1.35095,3.42,1.50
2013.02.04 12:15:12.965,1.35075,1.35095,3.42,2.25
2013.02.04 12:15:13.906,1.35075,1.35093,2.10,1.50
2013.02.04 12:15:14.265,1.35075,1.35091,2.10,1.50
2013.02.04 12:15:18.117,1.35073,1.35092,1.35,1.50
2013.02.04 12:15:18.246,1.35072,1.35091,2.10,1.50
2013.02.04 12:15:19.300,1.35073,1.35091,1.13,2.25
2013.02.04 12:15:19.645,1.35072,1.35088,1.35,1.50
2013.02.04 12:15:19.827,1.35069,1.35086,1.17,1.50
2013.02.04 12:15:19.895,1.35066,1.35085,1.50,2.25
2013.02.04 12:15:20.375,1.35068,1.35084,1.13,1.13
2013.02.04 12:15:20.437,1.35068,1.35082,1.13,1.50
2013.02.04 12:15:20.968,1.35068,1.35087,1.35,1.50
2013.02.04 12:15:21.895,1.35068,1.35086,1.35,1.50
2013.02.04 12:15:21.956,1.35067,1.35085,2.10,1.50
2013.02.04 12:15:22.434,1.35067,1.35085,2.10,1.50
2013.02.04 12:15:22.616,1.35067,1.35082,1.35,1.50
2013.02.04 12:15:22.919,1.35063,1.35078,1.17,1.50
2013.02.04 12:15:23.325,1.35063,1.35082,1.17,1.50
2013.02.04 12:15:24.035,1.35061,1.35082,1.35,1.50
2013.02.04 12:15:26.295,1.35062,1.35082,1.35,1.50
2013.02.04 12:15:27.382,1.35061,1.35082,1.35,1.50
2013.02.04 12:15:27.966,1.35066,1.35084,1.35,2.25
2013.02.04 12:15:28.085,1.35067,1.35084,1.35,1.50
2013.02.04 12:15:28.146,1.35068,1.35084,1.90,1.50
2013.02.04 12:15:28.266,1.35068,1.35084,1.35,1.50
2013.02.04 12:15:28.565,1.35068,1.35086,1.35,1.50
2013.02.04 12:15:30.022,1.35065,1.35084,1.35,2.25
2013.02.04 12:15:30.659,1.35061,1.35083,2.10,1.65
2013.02.04 12:15:30.868,1.35065,1.35078,1.35,1.50
2013.02.04 12:15:31.157,1.3507,1.35086,1.35,2.25
2013.02.04 12:15:31.767,1.35069,1.35082,1.13,1.50
2013.02.04 12:15:31.836,1.35064,1.3508,1.73,1.50
2013.02.04 12:15:31.897,1.35063,1.35081,1.13,1.50
2013.02.04 12:15:33.156,1.35059,1.3508,2.10,1.50
2013.02.04 12:15:34.425,1.35059,1.3508,1.35,1.50
2013.02.04 12:15:34.980,1.35059,1.35077,1.35,2.25
2013.02.04 12:15:35.746,1.35059,1.35077,1.35,2.25
2013.02.04 12:15:36.457,1.35058,1.35076,1.35,1.50
2013.02.04 12:15:38.425,1.35062,1.35078,1.35,1.50
2013.02.04 12:15:38.486,1.35063,1.35079,1.13,1.50
2013.02.04 12:15:38.547,1.35063,1.35081,1.13,1.50
2013.02.04 12:15:38.676,1.35063,1.3508,1.13,1.50
2013.02.04 12:15:39.203,1.35063,1.35079,1.13,1.50
2013.02.04 12:15:39.906,1.35063,1.35081,1.13,2.25
2013.02.04 12:15:41.198,1.35063,1.3508,1.13,1.50
2013.02.04 12:15:41.746,1.35063,1.35081,1.13,2.25
2013.02.04 12:15:42.391,1.35063,1.35081,1.13,1.50
2013.02.04 12:15:44.125,1.35065,1.35084,2.48,1.80
2013.02.04 12:15:44.455,1.35067,1.35087,2.48,1.88
2013.02.04 12:15:48.692,1.35068,1.35088,1.13,1.65
2013.02.04 12:15:49.007,1.35067,1.35085,3.60,1.50
2013.02.04 12:15:49.258,1.35067,1.35082,1.13,1.50
2013.02.04 12:15:49.796,1.35064,1.35082,1.35,1.50
2013.02.04 12:15:51.346,1.35065,1.35085,2.10,3.00
2013.02.04 12:15:51.560,1.35071,1.35091,1.73,1.88
2013.02.04 12:15:51.627,1.35074,1.35091,1.73,1.13
2013.02.04 12:15:55.145,1.35074,1.35091,1.73,1.88
2013.02.04 12:15:55.328,1.35071,1.35087,2.25,1.50
2013.02.04 12:15:55.516,1.35071,1.35088,2.48,1.50
2013.02.04 12:15:56.026,1.3507,1.35088,2.25,1.50
2013.02.04 12:15:56.656,1.35071,1.3509,2.25,2.40
2013.02.04 12:15:56.726,1.35071,1.3509,2.48,2.40
2013.02.04 12:15:59.951,1.35071,1.35089,2.48,1.65
2013.02.04 12:16:00.196,1.3507,1.35089,2.48,1.65
2013.02.04 12:16:01.255,1.35071,1.3509,1.50,1.65
2013.02.04 12:16:01.377,1.35072,1.3509,1.50,1.65
2013.02.04 12:16:01.795,1.35072,1.35091,1.73,1.13
2013.02.04 12:16:04.975,1.35071,1.3509,3.23,3.23
2013.02.04 12:16:05.216,1.35069,1.35088,3.23,1.65
2013.02.04 12:16:05.334,1.35069,1.35088,2.48,2.40
2013.02.04 12:16:05.945,1.35068,1.35087,1.88,3.15
2013.02.04 12:16:06.486,1.35068,1.35087,1.88,3.15
2013.02.04 12:16:11.498,1.35067,1.35086,2.85,1.50
2013.02.04 12:16:11.901,1.35067,1.35084,1.35,1.50
2013.02.04 12:16:13.786,1.35063,1.35079,1.35,1.50
2013.02.04 12:16:14.028,1.35068,1.35081,1.13,1.35
2013.02.04 12:16:14.097,1.35065,1.35082,1.65,1.50
2013.02.04 12:16:14.157,1.35068,1.35082,1.50,1.50
2013.02.04 12:16:14.460,1.3507,1.35087,1.73,1.65
2013.02.04 12:16:16.066,1.35071,1.35091,1.73,1.73
2013.02.04 12:16:16.307,1.35071,1.35089,1.50,1.13
2013.02.04 12:16:16.450,1.35071,1.35089,1.73,1.88
2013.02.04 12:16:16.757,1.35072,1.35092,1.73,1.88
2013.02.04 12:16:20.848,1.35072,1.35093,3.38,1.50
2013.02.04 12:16:22.276,1.35072,1.35093,3.38,2.25
2013.02.04 12:16:22.406,1.35072,1.3509,1.88,1.35
2013.02.04 12:16:22.468,1.3507,1.35089,2.63,1.35
2013.02.04 12:16:23.377,1.3507,1.35089,1.13,1.50
2013.02.04 12:16:24.636,1.3507,1.35089,1.13,1.50
2013.02.04 12:16:24.915,1.3507,1.3509,1.35,1.50
2013.02.04 12:16:27.555,1.35069,1.35088,1.35,1.35
2013.02.04 12:16:28.278,1.35069,1.35087,1.35,1.35
2013.02.04 12:16:29.756,1.35068,1.35087,2.85,2.10
2013.02.04 12:16:30.397,1.35067,1.35086,1.35,1.50
2013.02.04 12:16:30.996,1.35068,1.35087,2.10,2.25
2013.02.04 12:16:31.601,1.35068,1.35087,2.10,2.25
2013.02.04 12:16:31.727,1.35069,1.35087,1.35,1.50
2013.02.04 12:16:32.599,1.35069,1.35088,1.35,3.00
2013.02.04 12:16:32.735,1.35069,1.35088,1.35,3.00
2013.02.04 12:16:33.236,1.35068,1.35087,2.10,1.35
2013.02.04 12:16:33.535,1.35071,1.35091,2.10,2.85
2013.02.04 12:16:34.726,1.35071,1.35091,2.10,2.25
2013.02.04 12:16:35.146,1.35071,1.35089,2.10,1.50
2013.02.04 12:16:35.267,1.35071,1.35089,1.35,1.50
2013.02.04 12:16:35.327,1.35071,1.35091,1.35,2.25
2013.02.04 12:16:35.468,1.35071,1.35091,2.10,1.50
2013.02.04 12:16:35.656,1.35073,1.35092,1.13,1.50
2013.02.04 12:16:36.027,1.35072,1.35091,1.13,1.65
2013.02.04 12:16:36.875,1.35071,1.3509,1.88,1.50
2013.02.04 12:16:41.288,1.35072,1.35092,1.13,2.40
2013.02.04 12:16:41.746,1.35072,1.35092,1.88,1.65
2013.02.04 12:16:45.587,1.35072,1.35092,1.13,1.65
2013.02.04 12:16:45.766,1.35071,1.35092,1.28,2.40
2013.02.04 12:16:46.594,1.35071,1.35091,1.28,1.65
2013.02.04 12:16:49.987,1.35071,1.35091,1.28,1.65
2013.02.04 12:16:59.348,1.35074,1.35093,1.13,1.65
2013.02.04 12:16:59.623,1.35074,1.35095,3.38,1.13
2013.02.04 12:16:59.969,1.35074,1.35095,3.38,1.13
2013.02.04 12:17:02.146,1.35076,1.35097,1.73,1.13
2013.02.04 12:17:02.266,1.35076,1.35096,1.73,1.13
2013.02.04 12:17:02.446,1.35074,1.35093,1.88,1.50
2013.02.04 12:17:02.569,1.35072,1.35092,1.50,1.50
2013.02.04 12:17:03.129,1.35068,1.35088,3.75,1.50
2013.02.04 12:17:04.046,1.35071,1.3509,1.50,1.50
2013.02.04 12:17:04.226,1.35071,1.35091,1.50,1.50
2013.02.04 12:17:04.407,1.35074,1.35094,1.13,2.44
2013.02.04 12:17:07.017,1.35074,1.35093,1.88,2.25
2013.02.04 12:17:07.677,1.35074,1.35096,1.88,2.25
2013.02.04 12:17:07.865,1.35075,1.35096,1.73,1.50
2013.02.04 12:17:07.986,1.35075,1.35096,1.73,2.25
2013.02.04 12:17:08.345,1.35074,1.35094,1.88,2.25
2013.02.04 12:17:09.109,1.35074,1.35094,1.88,2.25
2013.02.04 12:17:10.044,1.35074,1.35092,1.88,1.50
2013.02.04 12:17:13.885,1.35074,1.35087,1.13,2.10
2013.02.04 12:17:14.247,1.35068,1.35086,1.50,1.50
2013.02.04 12:17:14.630,1.35069,1.35087,1.50,2.25
2013.02.04 12:17:14.878,1.35069,1.3509,2.85,2.25
2013.02.04 12:17:16.396,1.3507,1.3509,1.35,2.25
2013.02.04 12:17:16.516,1.3507,1.35089,1.35,2.25
2013.02.04 12:17:17.676,1.35071,1.3509,1.35,2.25
2013.02.04 12:17:18.205,1.3507,1.35091,2.85,2.25
2013.02.04 12:17:20.255,1.3507,1.3509,2.10,1.35
2013.02.04 12:17:20.496,1.35069,1.35089,2.10,2.85
2013.02.04 12:17:21.655,1.35069,1.35088,2.10,1.50
2013.02.04 12:17:22.709,1.35069,1.35088,2.10,1.50
2013.02.04 12:17:24.296,1.35069,1.35089,2.10,2.10
2013.02.04 12:17:24.355,1.35069,1.35089,2.10,2.10
2013.02.04 12:17:28.057,1.35069,1.35087,2.10,1.50
2013.02.04 12:17:28.636,1.35069,1.35087,2.10,1.50
2013.02.04 12:17:29.228,1.35069,1.35088,2.10,1.50
2013.02.04 12:17:30.027,1.35069,1.35089,2.10,1.35
2013.02.04 12:17:34.458,1.35071,1.3509,1.13,2.25
2013.02.04 12:17:34.708,1.35071,1.3509,1.88,1.50
2013.02.04 12:17:35.145,1.3507,1.35089,1.13,2.25
2013.02.04 12:17:35.385,1.3507,1.35089,1.13,1.50
2013.02.04 12:17:36.047,1.3507,1.35089,1.88,1.50
2013.02.04 12:17:37.097,1.3507,1.35089,1.13,2.10
2013.02.04 12:17:37.406,1.3507,1.35086,1.13,1.50
2013.02.04 12:17:37.796,1.3507,1.35089,1.13,2.10
2013.02.04 12:17:37.857,1.3507,1.35089,1.13,2.10
2013.02.04 12:17:42.047,1.35068,1.35087,1.73,1.50
2013.02.04 12:17:44.526,1.35068,1.35084,1.73,1.50
2013.02.04 12:17:44.586,1.35066,1.35084,1.65,2.48
2013.02.04 12:17:44.649,1.35065,1.35081,1.88,1.50
2013.02.04 12:17:44.997,1.35065,1.35075,1.35,1.50
2013.02.04 12:17:45.287,1.35063,1.35075,2.10,1.50
2013.02.04 12:17:46.767,1.35063,1.35078,1.35,1.50
2013.02.04 12:17:48.918,1.35064,1.35078,1.35,1.50
2013.02.04 12:17:49.046,1.35064,1.35081,1.35,2.25
2013.02.04 12:17:49.761,1.35064,1.35082,1.35,1.50
2013.02.04 12:17:52.357,1.35064,1.35082,2.10,1.50
2013.02.04 12:17:52.775,1.35064,1.35082,2.10,1.50
2013.02.04 12:17:57.105,1.35066,1.35082,1.88,1.50
2013.02.04 12:17:57.346,1.35066,1.35086,2.63,2.25
2013.02.04 12:17:57.527,1.35066,1.35086,1.88,2.25
2013.02.04 12:17:57.815,1.35066,1.35083,1.88,1.50
2013.02.04 12:18:04.236,1.35066,1.35084,3.38,1.50
2013.02.04 12:18:04.928,1.35066,1.35086,3.38,1.65
2013.02.04 12:18:06.360,1.35067,1.35087,1.73,1.13
2013.02.04 12:18:06.425,1.35067,1.35087,1.73,1.13
2013.02.04 12:18:12.388,1.35069,1.3509,1.35,3.15
2013.02.04 12:18:13.666,1.35069,1.3509,1.35,5.25
2013.02.04 12:18:17.655,1.35069,1.35087,1.35,1.50
2013.02.04 12:18:27.735,1.35069,1.35086,1.35,1.50
2013.02.04 12:18:29.466,1.35069,1.35082,1.35,1.50
2013.02.04 12:18:30.006,1.35067,1.35085,1.88,2.25
2013.02.04 12:18:30.065,1.35066,1.35083,1.13,3.00
2013.02.04 12:18:30.185,1.35065,1.35082,2.25,1.50
2013.02.04 12:18:30.526,1.35065,1.35079,2.25,1.50
2013.02.04 12:18:31.596,1.35063,1.35079,1.50,1.50
2013.02.04 12:18:38.497,1.35063,1.35078,1.35,1.50
2013.02.04 12:18:40.495,1.35062,1.35079,1.35,1.50
2013.02.04 12:18:42.306,1.35062,1.3508,2.10,2.25
2013.02.04 12:18:42.426,1.35062,1.35082,2.10,1.50
2013.02.04 12:18:42.546,1.35062,1.35082,2.10,1.50
2013.02.04 12:18:44.438,1.35062,1.35079,1.35,2.25
2013.02.04 12:18:45.669,1.35062,1.35079,1.35,2.25
2013.02.04 12:18:46.439,1.35059,1.35079,2.48,2.40
2013.02.04 12:18:50.417,1.35059,1.35079,2.48,1.65
2013.02.04 12:18:50.978,1.35058,1.35079,1.35,2.25
2013.02.04 12:18:52.412,1.35059,1.35079,1.35,3.75
2013.02.04 12:18:54.606,1.3506,1.35077,1.13,1.50
2013.02.04 12:18:56.888,1.35058,1.35074,1.35,1.50
2013.02.04 12:18:56.959,1.35058,1.35076,1.35,1.50
2013.02.04 12:19:00.099,1.35057,1.35075,1.35,1.50
2013.02.04 12:19:00.172,1.35057,1.35074,1.35,1.50
2013.02.04 12:19:00.373,1.35059,1.35076,1.88,1.50
2013.02.04 12:19:00.508,1.35059,1.35077,1.88,1.50
2013.02.04 12:19:00.637,1.35059,1.3508,1.88,3.38
2013.02.04 12:19:00.817,1.35058,1.35076,1.35,2.25
2013.02.04 12:19:00.881,1.35054,1.35075,3.60,1.50
2013.02.04 12:19:01.067,1.35054,1.35075,1.35,3.75
2013.02.04 12:19:01.516,1.35051,1.35072,2.44,1.65
2013.02.04 12:19:02.817,1.35051,1.35071,1.13,1.50
2013.02.04 12:19:03.167,1.35052,1.35072,1.73,1.65
2013.02.04 12:19:03.226,1.35052,1.35073,2.48,1.65
2013.02.04 12:19:04.241,1.35053,1.35072,1.73,1.13
2013.02.04 12:19:05.446,1.3506,1.35072,1.73,1.13
2013.02.04 12:19:05.627,1.3506,1.35077,1.88,1.50
2013.02.04 12:19:05.687,1.3506,1.35077,1.88,1.50
2013.02.04 12:19:06.996,1.35061,1.35076,1.13,1.50
2013.02.04 12:19:07.516,1.35062,1.35079,1.73,2.25
2013.02.04 12:19:07.637,1.35062,1.35079,1.73,1.50
2013.02.04 12:19:12.238,1.35062,1.35083,2.48,1.50
2013.02.04 12:19:12.305,1.35062,1.35083,2.48,1.50
2013.02.04 12:19:19.236,1.35064,1.35086,1.73,2.63
2013.02.04 12:19:19.553,1.35062,1.35083,3.04,2.25
2013.02.04 12:19:22.746,1.35065,1.3508,1.13,1.50
2013.02.04 12:19:24.946,1.35064,1.35079,1.35,1.50
2013.02.04 12:19:26.478,1.35064,1.35079,1.35,1.50
2013.02.04 12:19:29.596,1.35066,1.3508,1.88,1.50
2013.02.04 12:19:29.718,1.35066,1.35082,1.88,1.50
2013.02.04 12:19:29.786,1.35066,1.35082,1.88,1.50
2013.02.04 12:19:31.237,1.35063,1.35082,2.10,3.00
2013.02.04 12:19:31.426,1.35063,1.35078,1.35,1.50
2013.02.04 12:19:37.917,1.35062,1.35078,1.13,1.50
2013.02.04 12:19:38.096,1.35062,1.35081,1.88,1.50
2013.02.04 12:19:39.846,1.35062,1.3508,1.13,1.50
2013.02.04 12:19:39.968,1.35062,1.35078,1.13,1.50
2013.02.04 12:19:40.038,1.35062,1.35078,1.88,1.50
2013.02.04 12:19:41.929,1.35062,1.35077,1.13,1.50
2013.02.04 12:19:47.656,1.3506,1.35071,1.73,1.13
2013.02.04 12:19:47.956,1.3505,1.3507,1.74,1.88
2013.02.04 12:19:48.076,1.35049,1.3507,1.13,2.63
2013.02.04 12:19:49.924,1.3505,1.35068,1.13,2.25
2013.02.04 12:19:50.427,1.35052,1.35072,1.73,2.25
2013.02.04 12:19:50.547,1.35054,1.35073,1.73,1.65
2013.02.04 12:19:50.608,1.35051,1.35071,3.23,1.50
2013.02.04 12:19:52.176,1.3505,1.35069,3.38,1.50
2013.02.04 12:19:52.359,1.35051,1.35071,3.98,1.50
2013.02.04 12:19:52.607,1.35054,1.35067,1.73,1.50
2013.02.04 12:19:52.726,1.35054,1.3507,1.73,1.50
2013.02.04 12:19:52.848,1.35054,1.35068,1.73,1.50
2013.02.04 12:19:53.037,1.35054,1.35071,1.73,1.50
2013.02.04 12:19:56.676,1.35054,1.35074,2.48,1.65
2013.02.04 12:19:58.857,1.35055,1.35076,1.73,1.88
2013.02.04 12:19:59.405,1.35056,1.35076,1.73,1.88
2013.02.04 12:20:03.606,1.35057,1.35076,1.13,1.50
2013.02.04 12:20:03.766,1.35057,1.35076,1.13,1.50
2013.02.04 12:20:04.966,1.35051,1.35072,3.98,1.88
2013.02.04 12:20:05.030,1.35051,1.35072,3.98,1.88
2013.02.04 12:20:05.956,1.35051,1.3507,1.73,2.40
2013.02.04 12:20:06.018,1.3505,1.35068,1.73,1.50
2013.02.04 12:20:06.148,1.35048,1.35066,1.73,1.50
2013.02.04 12:20:06.339,1.35047,1.35067,1.73,1.35
2013.02.04 12:20:06.851,1.35045,1.35065,1.13,1.50
2013.02.04 12:20:07.566,1.35045,1.35064,1.13,3.00
2013.02.04 12:20:16.377,1.35045,1.35064,1.88,1.35
2013.02.04 12:20:17.808,1.35046,1.35066,1.88,2.25
2013.02.04 12:20:17.937,1.35046,1.35066,3.38,2.25
2013.02.04 12:20:18.066,1.35046,1.35065,3.38,1.35
2013.02.04 12:20:18.806,1.35046,1.35063,1.13,1.50
2013.02.04 12:20:19.977,1.35045,1.35062,1.73,1.50
2013.02.04 12:20:20.862,1.35045,1.35062,1.73,1.50
2013.02.04 12:20:26.905,1.35046,1.35062,1.73,1.50
2013.02.04 12:20:27.989,1.35046,1.35063,1.73,1.50
2013.02.04 12:20:28.379,1.35046,1.35063,2.48,1.50
2013.02.04 12:20:29.936,1.35047,1.35066,1.73,1.65
2013.02.04 12:20:32.779,1.35049,1.35067,1.73,2.40
2013.02.04 12:20:34.702,1.35048,1.35066,1.73,2.40
2013.02.04 12:20:34.898,1.35046,1.35064,1.73,1.50
2013.02.04 12:20:35.207,1.35047,1.35064,1.13,1.50
2013.02.04 12:20:35.627,1.35047,1.35064,1.13,1.50
2013.02.04 12:20:35.699,1.35047,1.35066,2.63,2.10
2013.02.04 12:20:37.416,1.35051,1.35066,1.73,1.50
2013.02.04 12:20:39.166,1.3505,1.35065,1.73,1.35
2013.02.04 12:20:39.477,1.35046,1.35062,1.38,2.25
2013.02.04 12:20:39.547,1.35046,1.35062,1.13,2.25
2013.02.04 12:20:39.607,1.35046,1.35062,1.13,3.75
2013.02.04 12:20:39.983,1.35041,1.35059,1.92,1.50
2013.02.04 12:20:40.303,1.35039,1.35055,1.50,1.50
2013.02.04 12:20:46.136,1.35039,1.35057,1.50,1.50
2013.02.04 12:20:48.398,1.35045,1.35059,1.35,1.50
2013.02.04 12:20:48.527,1.35047,1.35059,1.13,1.50
2013.02.04 12:20:48.778,1.35047,1.35062,1.13,1.50
2013.02.04 12:20:48.847,1.35047,1.35064,1.13,1.50
2013.02.04 12:20:49.947,1.35047,1.35064,1.13,2.25
2013.02.04 12:20:50.197,1.35044,1.35061,1.35,1.50
2013.02.04 12:20:51.457,1.35046,1.35063,2.48,1.50
2013.02.04 12:20:51.576,1.35047,1.35064,1.73,1.50
2013.02.04 12:20:51.971,1.35047,1.35066,1.73,2.40
2013.02.04 12:20:58.566,1.35046,1.35063,1.73,1.50
2013.02.04 12:20:58.928,1.35046,1.35062,1.73,1.50
2013.02.04 12:20:59.426,1.35046,1.35064,1.73,1.65
2013.02.04 12:21:05.962,1.35049,1.35064,1.73,1.65
2013.02.04 12:21:06.044,1.35049,1.35063,1.73,1.50
2013.02.04 12:21:07.586,1.35049,1.35064,1.73,1.50
2013.02.04 12:21:08.147,1.35048,1.35065,1.13,1.50
2013.02.04 12:21:18.148,1.35051,1.35066,1.13,1.50
2013.02.04 12:21:18.928,1.35051,1.35068,1.13,2.25
2013.02.04 12:21:19.637,1.3505,1.35067,1.13,1.50
2013.02.04 12:21:19.707,1.3505,1.35067,1.13,1.50
2013.02.04 12:21:21.687,1.3505,1.35068,1.13,2.25
2013.02.04 12:21:22.256,1.3505,1.35068,1.13,3.00
2013.02.04 12:21:23.287,1.35048,1.35065,1.35,1.50
2013.02.04 12:21:23.587,1.35049,1.35067,1.13,2.25
2013.02.04 12:21:26.268,1.35047,1.35066,2.63,1.50
2013.02.04 12:21:26.457,1.35047,1.35066,1.13,2.10
2013.02.04 12:21:27.019,1.35047,1.35064,1.35,1.50
2013.02.04 12:21:27.098,1.35047,1.35064,1.35,2.25
2013.02.04 12:21:29.507,1.35048,1.35065,1.13,1.50
2013.02.04 12:21:29.759,1.35048,1.35065,1.13,2.25
2013.02.04 12:21:31.866,1.35048,1.35065,1.13,3.00
2013.02.04 12:21:32.167,1.35047,1.35062,1.35,3.00
2013.02.04 12:21:32.627,1.35045,1.35062,2.10,1.50
2013.02.04 12:21:34.051,1.35046,1.35063,1.35,2.25
2013.02.04 12:21:34.358,1.35045,1.35061,1.35,2.25
2013.02.04 12:21:37.968,1.35044,1.3506,1.35,1.50
2013.02.04 12:21:38.217,1.35042,1.3506,1.13,1.50
2013.02.04 12:21:38.977,1.35042,1.35059,1.13,1.50
2013.02.04 12:21:39.357,1.35042,1.3506,1.13,3.00
2013.02.04 12:21:39.416,1.35042,1.3506,1.13,3.00
2013.02.04 12:21:39.477,1.35042,1.35059,1.13,1.50
2013.02.04 12:21:39.797,1.35042,1.35059,1.35,1.50
2013.02.04 12:21:39.977,1.35042,1.35059,1.35,3.00
2013.02.04 12:21:40.418,1.35043,1.35059,1.05,3.00
2013.02.04 12:21:40.937,1.35042,1.35057,1.28,1.50
2013.02.04 12:21:41.117,1.35042,1.35055,1.35,1.50
2013.02.04 12:21:43.767,1.35042,1.35058,1.35,3.00
2013.02.04 12:21:43.827,1.35042,1.35058,1.35,2.25
2013.02.04 12:21:53.293,1.3504,1.3506,1.13,3.90
2013.02.04 12:21:59.817,1.3504,1.35059,1.13,1.50
2013.02.04 12:22:00.307,1.35039,1.35056,1.35,1.50
2013.02.04 12:22:02.498,1.35039,1.35056,1.35,1.50
2013.02.04 12:22:02.618,1.35039,1.35057,1.35,1.50
2013.02.04 12:22:05.356,1.35042,1.3506,1.13,1.50
2013.02.04 12:22:05.425,1.35042,1.35061,1.13,2.25
2013.02.04 12:22:05.569,1.35046,1.35064,1.73,2.03
2013.02.04 12:22:05.644,1.35046,1.35064,1.73,1.28
2013.02.04 12:22:06.466,1.35046,1.35064,1.73,1.28
2013.02.04 12:22:06.969,1.35047,1.35066,1.73,1.28
2013.02.04 12:22:07.426,1.35047,1.35067,1.73,2.03
2013.02.04 12:22:09.051,1.35048,1.35067,1.13,1.65
2013.02.04 12:22:09.627,1.35048,1.35067,1.13,1.50
2013.02.04 12:22:15.417,1.35048,1.35068,1.13,1.50
2013.02.04 12:22:15.667,1.35048,1.35069,1.88,3.90
2013.02.04 12:22:16.888,1.35048,1.35068,1.88,1.50
2013.02.04 12:22:17.199,1.35048,1.35068,1.88,3.00
2013.02.04 12:22:17.267,1.35048,1.35068,1.13,2.25
2013.02.04 12:22:17.327,1.35048,1.35068,1.13,2.25
2013.02.04 12:22:17.389,1.35048,1.35066,1.13,1.50
2013.02.04 12:22:21.606,1.35048,1.35066,1.13,1.50
2013.02.04 12:22:21.846,1.35048,1.35067,1.13,1.50
2013.02.04 12:22:22.350,1.35048,1.35067,1.13,2.25
2013.02.04 12:22:22.736,1.35048,1.35065,1.13,1.50
2013.02.04 12:22:22.797,1.35046,1.35061,1.35,1.50
2013.02.04 12:22:22.856,1.35042,1.3506,2.48,1.13
2013.02.04 12:22:22.916,1.35042,1.3506,2.48,1.13
2013.02.04 12:22:22.977,1.35039,1.35059,1.73,1.13
2013.02.04 12:22:24.027,1.35037,1.35055,1.13,1.50
2013.02.04 12:22:30.076,1.35037,1.35058,1.13,1.65
2013.02.04 12:22:30.460,1.35039,1.35058,1.50,1.65
2013.02.04 12:22:31.595,1.35039,1.35057,1.50,1.65
2013.02.04 12:22:31.957,1.35038,1.35057,1.13,1.65
2013.02.04 12:22:33.285,1.35038,1.35059,1.13,4.73
2013.02.04 12:22:36.246,1.35039,1.35059,1.73,3.38
2013.02.04 12:22:36.488,1.35042,1.35059,1.73,1.13
2013.02.04 12:22:36.797,1.35038,1.35059,4.88,1.88
2013.02.04 12:22:36.856,1.35038,1.35059,4.88,1.88
2013.02.04 12:22:38.567,1.35041,1.3506,1.13,1.50
2013.02.04 12:22:38.626,1.35041,1.35062,1.13,3.00
2013.02.04 12:22:38.748,1.35041,1.35059,1.13,1.50
2013.02.04 12:22:39.133,1.35039,1.35059,1.35,3.00
2013.02.04 12:22:50.321,1.35042,1.35061,1.13,3.75
2013.02.04 12:22:50.636,1.35039,1.35059,1.35,1.50
2013.02.04 12:22:50.891,1.3504,1.35059,1.35,1.50
2013.02.04 12:22:53.449,1.35041,1.35059,1.13,1.50
2013.02.04 12:22:56.382,1.35039,1.35058,1.73,1.65
2013.02.04 12:22:56.509,1.3504,1.35059,1.54,1.13
2013.02.04 12:22:56.817,1.35045,1.35062,2.48,1.13
2013.02.04 12:22:58.516,1.3505,1.35068,1.13,1.35
2013.02.04 12:22:58.756,1.35051,1.35071,1.73,1.65
2013.02.04 12:22:58.818,1.35051,1.35071,1.73,1.65
2013.02.04 12:22:59.348,1.35053,1.35073,2.48,1.13
2013.02.04 12:23:02.027,1.3505,1.35071,2.03,2.40
2013.02.04 12:23:02.147,1.3505,1.35071,2.63,2.40
2013.02.04 12:23:02.678,1.3505,1.35071,3.38,2.40
2013.02.04 12:23:03.192,1.3505,1.3507,1.88,1.50
2013.02.04 12:23:03.498,1.35048,1.35069,2.25,1.50
2013.02.04 12:23:03.806,1.35049,1.35069,1.28,1.50
2013.02.04 12:23:03.928,1.35051,1.35072,2.48,1.65
2013.02.04 12:23:04.476,1.35052,1.35073,2.48,1.88
2013.02.04 12:23:06.047,1.35052,1.35073,1.73,3.00
2013.02.04 12:23:06.708,1.35051,1.3507,2.48,2.25
2013.02.04 12:23:06.837,1.35051,1.35069,1.73,1.35
2013.02.04 12:23:07.017,1.35051,1.35067,1.73,1.50
2013.02.04 12:23:07.256,1.3505,1.35065,3.53,1.50
2013.02.04 12:23:07.557,1.3505,1.35069,1.88,1.50
2013.02.04 12:23:08.068,1.3505,1.35069,1.13,1.50
2013.02.04 12:23:08.448,1.35049,1.35068,1.28,1.50
2013.02.04 12:23:08.712,1.35046,1.35065,1.50,2.10
2013.02.04 12:23:08.778,1.35046,1.35065,1.50,2.85
2013.02.04 12:23:09.266,1.35047,1.35065,1.50,2.25
2013.02.04 12:23:10.789,1.35047,1.35065,1.50,3.00
2013.02.04 12:23:11.218,1.35043,1.35062,1.50,1.50
2013.02.04 12:23:12.697,1.3504,1.35058,1.35,1.50
2013.02.04 12:23:13.666,1.35039,1.35056,1.58,2.25
2013.02.04 12:23:13.847,1.35037,1.35056,1.13,3.00
2013.02.04 12:23:14.898,1.35037,1.35056,1.88,1.50
2013.02.04 12:23:15.278,1.35041,1.3506,2.25,1.13
2013.02.04 12:23:15.339,1.35041,1.35061,2.48,1.88
2013.02.04 12:23:16.247,1.35045,1.3506,1.73,1.05
2013.02.04 12:23:16.367,1.3505,1.35063,1.13,1.50
2013.02.04 12:23:18.407,1.3505,1.35067,1.13,1.50
2013.02.04 12:23:18.647,1.35049,1.35067,1.13,1.50
2013.02.04 12:23:20.377,1.35051,1.3507,1.73,1.13
2013.02.04 12:23:20.960,1.35053,1.35071,2.48,1.13
2013.02.04 12:23:21.037,1.35061,1.3508,1.13,1.50
2013.02.04 12:23:21.166,1.35062,1.3508,1.13,1.50
2013.02.04 12:23:22.697,1.35061,1.3508,1.13,2.10
2013.02.04 12:23:23.004,1.35061,1.35076,1.35,1.50
2013.02.04 12:23:24.077,1.35061,1.35079,1.35,3.00
2013.02.04 12:23:24.708,1.35061,1.35079,1.35,2.25
2013.02.04 12:23:27.868,1.35063,1.35079,1.13,2.25
2013.02.04 12:23:27.992,1.35062,1.3508,1.88,1.50
2013.02.04 12:23:28.242,1.35062,1.35079,1.88,1.50
2013.02.04 12:23:28.568,1.35062,1.35079,1.88,1.50
2013.02.04 12:23:28.841,1.35062,1.3508,1.88,2.25
2013.02.04 12:23:31.099,1.35064,1.35083,1.73,1.13
2013.02.04 12:23:36.156,1.35065,1.35084,1.13,1.50
2013.02.04 12:23:37.060,1.35065,1.35084,1.13,1.50
2013.02.04 12:23:41.816,1.3507,1.35085,1.73,1.65
2013.02.04 12:23:42.187,1.3507,1.35087,1.73,1.88
2013.02.04 12:23:42.308,1.35069,1.3509,3.23,1.13
2013.02.04 12:23:49.216,1.35069,1.35087,1.73,1.13
2013.02.04 12:23:49.336,1.35069,1.35087,1.73,1.13
2013.02.04 12:23:50.878,1.35069,1.35087,1.73,1.13
2013.02.04 12:23:51.009,1.35067,1.35086,1.73,1.65
2013.02.04 12:23:51.285,1.35067,1.35088,1.88,2.40
2013.02.04 12:23:52.937,1.35069,1.35088,1.73,1.65
2013.02.04 12:23:52.997,1.35069,1.35088,2.48,1.65
2013.02.04 12:23:54.848,1.35069,1.35087,2.48,1.13
2013.02.04 12:23:55.899,1.35073,1.35089,1.73,1.13
2013.02.04 12:23:56.088,1.3507,1.35089,1.73,1.13
2013.02.04 12:23:57.007,1.35072,1.35089,1.73,1.13
2013.02.04 12:23:57.549,1.35073,1.35088,1.73,1.13
2013.02.04 12:23:58.836,1.35072,1.35088,1.73,1.13
2013.02.04 12:23:59.329,1.35071,1.35088,1.73,1.88
2013.02.04 12:23:59.457,1.3507,1.35088,1.73,1.88
2013.02.04 12:24:04.220,1.35067,1.35086,1.88,1.65
2013.02.04 12:24:21.547,1.35067,1.35085,1.73,1.50
2013.02.04 12:24:21.908,1.35067,1.35082,1.73,1.50
2013.02.04 12:24:22.097,1.35064,1.35083,2.48,2.25
2013.02.04 12:24:22.336,1.35064,1.35083,2.48,1.50
2013.02.04 12:24:22.637,1.35062,1.35082,1.73,2.25
2013.02.04 12:24:22.699,1.35062,1.35078,1.73,1.50
2013.02.04 12:24:22.887,1.35063,1.3508,1.73,1.50
2013.02.04 12:24:23.007,1.35063,1.3508,1.73,1.50
2013.02.04 12:24:25.889,1.35068,1.35083,1.73,1.50
2013.02.04 12:24:26.687,1.35069,1.35086,1.73,2.25
2013.02.04 12:24:30.360,1.35069,1.35086,1.73,2.25
2013.02.04 12:24:39.277,1.3507,1.35086,1.73,1.50
2013.02.04 12:24:39.866,1.35069,1.35086,1.73,2.25
2013.02.04 12:24:40.047,1.35066,1.35083,1.35,1.50
2013.02.04 12:24:41.997,1.35068,1.35086,1.13,2.25
2013.02.04 12:24:42.125,1.35068,1.35086,1.88,2.25
2013.02.04 12:24:42.248,1.35068,1.35087,1.13,2.40
2013.02.04 12:24:43.027,1.35068,1.35087,1.88,3.15
2013.02.04 12:24:43.088,1.35069,1.35087,1.73,1.65
2013.02.04 12:24:43.147,1.35069,1.35087,1.73,1.65
2013.02.04 12:24:43.457,1.35072,1.3509,1.73,1.13
2013.02.04 12:24:43.758,1.3507,1.35089,2.02,1.13
2013.02.04 12:24:43.887,1.35069,1.35089,1.73,1.88
2013.02.04 12:24:43.947,1.35068,1.35085,1.88,1.50
2013.02.04 12:24:44.187,1.35064,1.35083,1.35,1.50
2013.02.04 12:24:44.693,1.35061,1.35082,2.25,2.25
2013.02.04 12:24:45.061,1.35061,1.35081,1.88,1.88
2013.02.04 12:24:45.131,1.35059,1.35078,1.13,2.85
2013.02.04 12:24:45.198,1.35055,1.35074,1.73,1.50
2013.02.04 12:24:45.756,1.35054,1.35073,3.98,1.50
2013.02.04 12:24:46.116,1.35055,1.35076,2.48,1.13
2013.02.04 12:24:46.848,1.35055,1.35076,2.48,1.13
2013.02.04 12:24:47.167,1.35051,1.3507,1.73,1.50
2013.02.04 12:24:47.597,1.35051,1.3507,1.50,2.25
2013.02.04 12:24:47.836,1.35053,1.35071,1.73,1.50
2013.02.04 12:24:48.076,1.35053,1.35071,1.73,1.50
2013.02.04 12:24:48.480,1.35053,1.35072,1.73,1.50
2013.02.04 12:24:48.816,1.35051,1.35072,3.23,1.50
2013.02.04 12:24:49.137,1.35053,1.35072,1.73,1.50
2013.02.04 12:24:49.809,1.35052,1.35072,1.73,1.50
2013.02.04 12:24:50.895,1.35053,1.35073,1.73,2.25
2013.02.04 12:24:51.493,1.35054,1.35073,1.73,2.25
2013.02.04 12:24:51.632,1.35052,1.3507,1.73,5.25
2013.02.04 12:24:51.708,1.35051,1.35071,1.50,2.25
2013.02.04 12:24:52.209,1.35056,1.35075,1.73,1.50
2013.02.04 12:24:53.232,1.35056,1.35077,1.50,1.50
2013.02.04 12:24:55.206,1.35057,1.35078,1.50,2.25
2013.02.04 12:24:55.447,1.35058,1.35079,1.50,1.80
2013.02.04 12:24:57.129,1.35058,1.35075,1.50,1.50
2013.02.04 12:24:57.198,1.35058,1.35078,1.50,2.22
2013.02.04 12:24:58.240,1.35058,1.35078,1.50,1.65
2013.02.04 12:24:58.908,1.35058,1.35075,1.50,1.50
2013.02.04 12:24:59.647,1.35058,1.35075,1.50,1.50
2013.02.04 12:25:00.088,1.3506,1.35075,1.13,1.50
2013.02.04 12:25:00.158,1.3506,1.35079,1.88,1.32
2013.02.04 12:25:00.408,1.3506,1.35078,1.13,1.50
2013.02.04 12:25:00.766,1.3506,1.3508,1.13,1.50
2013.02.04 12:25:01.653,1.35061,1.35078,1.73,6.00
2013.02.04 12:25:01.789,1.3506,1.35078,1.13,2.25
2013.02.04 12:25:01.858,1.3506,1.35078,1.13,2.25
2013.02.04 12:25:02.846,1.3506,1.35081,1.88,1.50
2013.02.04 12:25:02.907,1.35061,1.3508,1.50,2.25
2013.02.04 12:25:03.842,1.35061,1.3508,2.48,2.25
2013.02.04 12:25:06.726,1.35061,1.35079,2.48,1.50
2013.02.04 12:25:06.847,1.3506,1.35079,1.13,3.00
2013.02.04 12:25:07.026,1.3506,1.35076,1.13,2.25
2013.02.04 12:25:11.200,1.35059,1.35076,1.13,1.50
2013.02.04 12:25:11.677,1.35059,1.35076,1.13,1.50
2013.02.04 12:25:12.086,1.35059,1.35076,1.13,1.50
2013.02.04 12:25:12.357,1.3506,1.3508,1.88,2.10
2013.02.04 12:25:12.439,1.3506,1.35077,1.88,1.50
2013.02.04 12:25:12.984,1.35063,1.35077,1.50,1.50
2013.02.04 12:25:16.136,1.3506,1.35077,1.73,1.50
2013.02.04 12:25:17.638,1.35059,1.35078,2.63,1.50
2013.02.04 12:25:18.157,1.35062,1.35079,2.48,1.50
2013.02.04 12:25:19.028,1.35062,1.35078,2.48,1.50
2013.02.04 12:25:20.437,1.35062,1.35079,2.48,1.50
2013.02.04 12:25:23.539,1.35062,1.35079,2.48,1.50
2013.02.04 12:25:23.859,1.35059,1.35078,1.13,2.25
2013.02.04 12:25:24.417,1.35059,1.35075,1.88,1.50
2013.02.04 12:25:24.537,1.3506,1.35079,3.90,1.50
2013.02.04 12:25:24.777,1.35065,1.35081,1.50,1.65
2013.02.04 12:25:25.337,1.35069,1.35087,1.50,2.78
2013.02.04 12:25:25.820,1.35068,1.35082,1.50,1.13
2013.02.04 12:25:25.902,1.35071,1.35085,1.50,1.50
2013.02.04 12:25:26.123,1.35068,1.35083,1.88,2.25
2013.02.04 12:25:27.148,1.35068,1.35085,1.88,2.48
2013.02.04 12:25:27.841,1.35068,1.35085,2.63,2.48
2013.02.04 12:25:30.764,1.35069,1.35085,1.65,3.23
2013.02.04 12:25:30.888,1.35068,1.35084,1.88,1.50
2013.02.04 12:25:31.197,1.35064,1.35082,1.28,2.48
2013.02.04 12:25:31.380,1.35063,1.35081,2.03,1.54
2013.02.04 12:25:31.628,1.35063,1.35081,1.28,1.73
2013.02.04 12:25:33.537,1.3506,1.35079,1.50,1.13
2013.02.04 12:25:33.598,1.3506,1.35077,1.50,1.73
2013.02.04 12:25:34.132,1.3506,1.35079,1.50,1.88
2013.02.04 12:25:34.888,1.35058,1.35079,1.73,3.15
2013.02.04 12:25:36.718,1.3506,1.35081,2.48,2.67
2013.02.04 12:25:37.198,1.35066,1.35081,1.50,1.35
2013.02.04 12:25:37.617,1.35066,1.35086,1.50,1.28
2013.02.04 12:25:37.678,1.35073,1.35087,1.13,1.65
2013.02.04 12:25:37.737,1.35073,1.35087,1.13,1.50
2013.02.04 12:25:38.332,1.35073,1.35089,1.13,3.00
2013.02.04 12:25:38.887,1.35066,1.35087,1.50,3.00
2013.02.04 12:25:40.758,1.35064,1.35083,2.48,1.69
2013.02.04 12:25:41.033,1.3506,1.35082,3.38,2.63
2013.02.04 12:25:41.105,1.35062,1.35082,1.65,2.40
2013.02.04 12:25:41.797,1.35064,1.35083,1.50,3.19
2013.02.04 12:25:42.359,1.35064,1.35083,1.50,3.94
2013.02.04 12:25:43.060,1.35064,1.35082,1.50,1.88
2013.02.04 12:25:43.649,1.35064,1.35082,2.25,1.13
2013.02.04 12:25:43.837,1.35069,1.35083,1.50,1.13
2013.02.04 12:25:47.868,1.35067,1.35083,1.50,1.13
2013.02.04 12:25:48.128,1.35065,1.35083,1.50,1.92
2013.02.04 12:25:48.260,1.35063,1.35081,1.50,1.13
2013.02.04 12:25:48.579,1.3506,1.35077,1.88,1.50
2013.02.04 12:25:48.917,1.35059,1.35077,1.65,1.50
2013.02.04 12:25:49.109,1.35056,1.35074,1.50,1.35
2013.02.04 12:25:49.177,1.35055,1.35074,2.25,1.35
2013.02.04 12:25:49.717,1.35053,1.35072,1.50,1.17
2013.02.04 12:25:50.568,1.35051,1.35072,1.65,1.69
2013.02.04 12:25:52.379,1.35054,1.35072,1.50,1.13
2013.02.04 12:25:52.536,1.35053,1.35072,1.50,1.13
2013.02.04 12:25:52.597,1.35054,1.35072,1.50,1.13
2013.02.04 12:25:52.777,1.35056,1.35074,2.25,2.10
2013.02.04 12:25:53.077,1.35059,1.35074,1.50,1.35
2013.02.04 12:25:55.017,1.35057,1.35076,3.00,2.10
2013.02.04 12:25:55.211,1.3506,1.3508,1.50,2.82
2013.02.04 12:25:55.759,1.35062,1.3508,1.50,1.50
2013.02.04 12:25:58.697,1.35062,1.3508,1.50,1.50
2013.02.04 12:25:58.939,1.35057,1.35076,1.50,1.35
2013.02.04 12:25:59.008,1.35056,1.35075,2.25,1.20
2013.02.04 12:25:59.080,1.35056,1.35075,2.07,1.95
2013.02.04 12:25:59.402,1.35064,1.3508,1.50,2.48
2013.02.04 12:25:59.471,1.35064,1.35081,1.50,1.50
2013.02.04 12:25:59.661,1.35064,1.35082,1.50,1.50
2013.02.04 12:25:59.997,1.3506,1.35081,1.69,1.50
2013.02.04 12:26:00.117,1.35061,1.35081,1.13,1.73
2013.02.04 12:26:00.297,1.35063,1.35083,1.65,1.73
2013.02.04 12:26:01.547,1.35063,1.35082,1.65,2.25
2013.02.04 12:26:02.297,1.35061,1.3508,1.13,1.73
2013.02.04 12:26:02.661,1.35061,1.35078,1.13,1.73
2013.02.04 12:26:03.328,1.35061,1.35077,1.13,1.73
2013.02.04 12:26:03.457,1.35061,1.35079,1.13,1.73
2013.02.04 12:26:04.259,1.35059,1.35078,1.13,1.73
2013.02.04 12:26:04.329,1.35056,1.35072,6.15,1.88
2013.02.04 12:26:04.398,1.35054,1.35072,1.65,1.88
2013.02.04 12:26:04.467,1.35053,1.35072,1.65,1.88
2013.02.04 12:26:05.283,1.35051,1.35072,2.63,1.88
2013.02.04 12:26:06.118,1.35054,1.35074,1.50,1.35
2013.02.04 12:26:08.137,1.35056,1.35077,1.50,2.85
2013.02.04 12:26:09.187,1.35056,1.35077,2.25,2.10
2013.02.04 12:26:11.151,1.35057,1.35077,2.25,2.10
2013.02.04 12:26:11.576,1.35063,1.35083,1.13,1.13
2013.02.04 12:26:11.648,1.35063,1.35084,1.13,2.63
2013.02.04 12:26:12.008,1.35063,1.35083,1.88,1.73
2013.02.04 12:26:12.139,1.35063,1.35084,1.88,1.88
2013.02.04 12:26:12.454,1.35061,1.35079,1.13,1.73
2013.02.04 12:26:12.757,1.3506,1.35079,1.13,1.73
2013.02.04 12:26:14.309,1.35058,1.35077,1.28,1.73
2013.02.04 12:26:14.927,1.35057,1.35077,1.28,1.73
2013.02.04 12:26:15.204,1.35057,1.35078,1.28,2.48
2013.02.04 12:26:20.888,1.35061,1.35079,1.13,2.48
2013.02.04 12:26:21.078,1.35061,1.35079,1.13,1.73
2013.02.04 12:26:21.258,1.35061,1.35079,1.13,2.48
2013.02.04 12:26:22.671,1.35059,1.35076,2.10,1.35
2013.02.04 12:26:22.737,1.35057,1.35076,3.90,2.10
2013.02.04 12:26:22.859,1.35057,1.35074,2.25,2.10
2013.02.04 12:26:22.989,1.35056,1.35074,3.00,1.35
2013.02.04 12:26:23.117,1.35056,1.35074,3.00,1.35
2013.02.04 12:26:23.751,1.35056,1.35074,3.00,1.35
2013.02.04 12:26:24.216,1.35057,1.35075,2.25,1.35
2013.02.04 12:26:27.520,1.35058,1.35075,1.50,1.13
2013.02.04 12:26:28.576,1.35056,1.35074,2.25,1.88
2013.02.04 12:26:29.593,1.35056,1.35074,2.25,1.88
2013.02.04 12:26:30.099,1.35054,1.35073,1.88,2.48
2013.02.04 12:26:30.407,1.3506,1.35074,2.25,1.13
2013.02.04 12:26:30.981,1.35063,1.35077,1.50,1.35
2013.02.04 12:26:31.051,1.35063,1.35077,1.50,1.35
2013.02.04 12:26:31.184,1.35066,1.35077,1.50,1.35
2013.02.04 12:26:31.530,1.35068,1.35081,1.50,1.58
2013.02.04 12:26:31.987,1.35066,1.35079,1.50,2.25
2013.02.04 12:26:32.047,1.35064,1.35079,1.50,2.25
2013.02.04 12:26:32.169,1.35065,1.35079,1.50,1.50
2013.02.04 12:26:32.904,1.35069,1.35082,1.50,2.25
2013.02.04 12:26:32.980,1.35062,1.35082,1.50,3.00
2013.02.04 12:26:33.548,1.3506,1.35079,1.50,1.50
2013.02.04 12:26:34.086,1.35058,1.35079,2.25,2.25
2013.02.04 12:26:34.389,1.35056,1.35077,2.25,2.10
2013.02.04 12:26:34.517,1.35056,1.35074,1.50,1.35
2013.02.04 12:26:34.697,1.35056,1.35074,1.50,1.88
2013.02.04 12:26:34.757,1.35058,1.35075,2.25,1.35
2013.02.04 12:26:35.747,1.35058,1.35077,2.25,1.35
2013.02.04 12:26:36.578,1.35063,1.35082,1.50,1.50
2013.02.04 12:26:38.129,1.35063,1.35082,1.50,1.28
2013.02.04 12:26:39.497,1.35061,1.35081,2.40,1.13
2013.02.04 12:26:40.270,1.3506,1.35077,1.13,1.23
2013.02.04 12:26:40.337,1.35058,1.35076,1.13,1.73
2013.02.04 12:26:40.707,1.35059,1.35078,1.73,1.73
2013.02.04 12:26:40.888,1.35068,1.35083,2.25,1.92
2013.02.04 12:26:40.947,1.35069,1.35083,1.50,1.35
2013.02.04 12:26:41.437,1.35068,1.35083,3.00,1.13
2013.02.04 12:26:41.977,1.35068,1.35085,1.50,1.13
2013.02.04 12:26:44.194,1.3507,1.35091,3.00,1.50
2013.02.04 12:26:44.379,1.35072,1.35092,1.50,1.28
2013.02.04 12:26:44.909,1.35074,1.35093,1.50,1.13
2013.02.04 12:26:46.418,1.35079,1.35096,1.13,1.73
2013.02.04 12:26:46.608,1.3508,1.35096,1.13,1.50
2013.02.04 12:26:47.357,1.35077,1.35096,1.13,1.50
2013.02.04 12:26:47.421,1.35077,1.35096,1.13,1.50
2013.02.04 12:26:47.609,1.35077,1.35096,1.13,1.73
2013.02.04 12:26:48.538,1.35079,1.35097,1.13,1.50
2013.02.04 12:26:48.716,1.3508,1.351,1.13,1.73
2013.02.04 12:26:49.569,1.3508,1.35098,1.13,1.50
2013.02.04 12:26:49.774,1.3508,1.351,1.13,1.73
2013.02.04 12:26:50.077,1.3508,1.35098,1.13,1.50
2013.02.04 12:26:50.197,1.35081,1.351,1.65,1.73
2013.02.04 12:26:50.256,1.35081,1.35101,1.65,2.48
2013.02.04 12:26:50.919,1.35081,1.35101,2.25,1.73
2013.02.04 12:26:51.157,1.35081,1.35101,2.25,1.88
2013.02.04 12:26:51.549,1.35081,1.35101,2.25,1.73
2013.02.04 12:26:51.659,1.35081,1.35102,2.25,2.03
2013.02.04 12:26:51.727,1.35083,1.35102,1.50,2.03
2013.02.04 12:26:51.907,1.35087,1.35105,1.50,2.85
2013.02.04 12:26:52.089,1.35084,1.35102,2.25,1.13
2013.02.04 12:26:52.157,1.35084,1.35102,1.50,1.13
2013.02.04 12:26:52.456,1.35083,1.351,1.50,1.73
2013.02.04 12:26:53.127,1.35081,1.351,2.40,1.73
2013.02.04 12:26:53.249,1.35081,1.351,1.65,1.73
2013.02.04 12:26:53.752,1.3508,1.35098,1.13,2.48
2013.02.04 12:26:54.057,1.3508,1.35092,1.13,1.73
2013.02.04 12:26:55.730,1.35078,1.35096,1.13,3.23
2013.02.04 12:27:01.310,1.3508,1.35096,1.88,1.50
2013.02.04 12:27:01.379,1.3508,1.35097,1.88,1.73
2013.02.04 12:27:01.907,1.3508,1.35098,1.88,1.73
2013.02.04 12:27:02.427,1.3508,1.35098,1.50,1.73
2013.02.04 12:27:02.668,1.35079,1.35098,1.65,3.23
2013.02.04 12:27:03.027,1.35077,1.35093,1.13,1.73
2013.02.04 12:27:03.928,1.35077,1.35093,1.13,1.73
2013.02.04 12:27:06.391,1.35076,1.35097,1.28,3.23
2013.02.04 12:27:06.593,1.35078,1.35098,1.65,1.73
2013.02.04 12:27:06.790,1.35075,1.35094,2.03,2.25
2013.02.04 12:27:07.098,1.35077,1.35092,1.13,1.50
2013.02.04 12:27:07.760,1.35079,1.35102,2.63,3.38
2013.02.04 12:27:07.843,1.35079,1.35101,2.63,1.65
2013.02.04 12:27:08.030,1.35078,1.35092,1.50,1.88
2013.02.04 12:27:08.220,1.35077,1.35097,1.50,2.85
2013.02.04 12:27:08.360,1.35077,1.35097,1.73,1.88
2013.02.04 12:27:08.619,1.35078,1.351,2.40,3.19
2013.02.04 12:27:08.747,1.3508,1.35101,1.73,2.03
2013.02.04 12:27:09.167,1.35084,1.351,1.50,1.13
2013.02.04 12:27:09.707,1.35079,1.351,3.15,1.13
2013.02.04 12:27:10.249,1.35077,1.35098,1.13,1.73
2013.02.04 12:27:10.377,1.35076,1.35097,1.13,2.48
2013.02.04 12:27:10.437,1.35076,1.35095,1.13,1.73
2013.02.04 12:27:10.977,1.35072,1.35093,1.13,2.48
2013.02.04 12:27:11.566,1.35077,1.35097,1.88,2.33
2013.02.04 12:27:11.868,1.35081,1.35097,1.50,1.73
2013.02.04 12:27:11.989,1.35081,1.35097,1.50,1.50
2013.02.04 12:27:12.839,1.35081,1.35097,1.50,1.50
2013.02.04 12:27:13.345,1.35081,1.35098,1.50,1.50
2013.02.04 12:27:14.289,1.3508,1.35098,1.50,1.50
2013.02.04 12:27:14.658,1.35077,1.35098,1.88,1.73
2013.02.04 12:27:15.908,1.35077,1.35098,1.88,2.48
2013.02.04 12:27:16.218,1.35077,1.35094,1.13,1.50
2013.02.04 12:27:16.797,1.35074,1.3509,1.13,1.50
2013.02.04 12:27:16.927,1.35069,1.35089,2.78,2.25
2013.02.04 12:27:17.048,1.35072,1.35089,1.73,1.50
2013.02.04 12:27:17.689,1.35079,1.35094,1.13,1.50
2013.02.04 12:27:17.766,1.3508,1.35098,1.88,1.50
2013.02.04 12:27:18.524,1.35081,1.35098,1.65,1.50
2013.02.04 12:27:19.046,1.3508,1.35098,1.88,1.50
2013.02.04 12:27:28.389,1.3508,1.35098,1.88,1.50
2013.02.04 12:27:29.188,1.35077,1.35091,1.35,1.50
2013.02.04 12:27:29.619,1.35079,1.35095,1.13,1.73
2013.02.04 12:27:29.691,1.35079,1.35096,2.63,1.50
2013.02.04 12:27:34.126,1.35075,1.35096,2.63,1.65
2013.02.04 12:27:36.050,1.35075,1.35095,2.63,1.65
2013.02.04 12:27:36.648,1.35073,1.3509,1.28,1.50
2013.02.04 12:27:36.768,1.35071,1.35089,1.28,1.50
2013.02.04 12:27:36.837,1.35071,1.35089,1.28,1.50
2013.02.04 12:27:37.517,1.35069,1.35087,1.13,1.50
2013.02.04 12:27:38.067,1.35067,1.35087,1.50,1.73
2013.02.04 12:27:38.130,1.35066,1.35085,1.50,1.73
2013.02.04 12:27:38.557,1.35065,1.35084,1.50,2.48
2013.02.04 12:27:38.988,1.35066,1.35084,1.50,2.25
2013.02.04 12:27:39.107,1.35066,1.35087,1.50,3.23
2013.02.04 12:27:39.410,1.3507,1.35088,1.73,1.65
2013.02.04 12:27:39.477,1.3507,1.35089,1.50,1.65
2013.02.04 12:27:40.018,1.3507,1.35089,1.50,1.65
2013.02.04 12:27:40.269,1.35079,1.35094,1.73,1.50
2013.02.04 12:27:40.397,1.35076,1.35097,1.13,2.48
2013.02.04 12:27:40.458,1.35075,1.35094,1.13,1.50
2013.02.04 12:27:40.602,1.35073,1.35094,3.00,1.73
2013.02.04 12:27:40.977,1.35071,1.3509,1.28,1.50
2013.02.04 12:27:41.829,1.35069,1.35089,1.88,1.50
2013.02.04 12:27:42.451,1.35069,1.35087,1.88,1.73
2013.02.04 12:27:43.337,1.35068,1.35086,1.13,1.73
2013.02.04 12:27:44.848,1.35066,1.35086,2.25,2.48
2013.02.04 12:27:44.918,1.35066,1.35086,1.50,2.48
2013.02.04 12:27:45.358,1.35068,1.35086,2.25,1.73
2013.02.04 12:27:45.421,1.35068,1.35087,2.25,2.48
2013.02.04 12:27:45.747,1.35069,1.35088,1.50,2.29
2013.02.04 12:27:47.169,1.35071,1.35088,1.50,1.73
2013.02.04 12:27:47.307,1.35073,1.3509,1.50,2.48
2013.02.04 12:27:47.558,1.35072,1.35093,2.25,2.44
2013.02.04 12:27:47.628,1.35072,1.3509,1.50,1.73
2013.02.04 12:27:48.146,1.35071,1.35089,1.50,2.48
2013.02.04 12:27:51.756,1.35071,1.35089,1.50,2.48
2013.02.04 12:27:51.818,1.35071,1.35089,1.50,2.48
2013.02.04 12:27:52.588,1.35074,1.35092,1.50,1.73
2013.02.04 12:27:52.840,1.35079,1.35097,1.65,2.44
2013.02.04 12:27:52.910,1.35079,1.35097,1.65,1.88
2013.02.04 12:27:54.598,1.3508,1.35097,1.50,1.73
2013.02.04 12:27:56.250,1.3508,1.35097,1.50,1.73
2013.02.04 12:27:57.117,1.3508,1.35098,1.50,1.88
2013.02.04 12:27:58.739,1.35077,1.35098,1.88,1.88
2013.02.04 12:27:58.808,1.35077,1.35098,1.88,1.88
2013.02.04 12:28:01.047,1.35076,1.35092,1.13,1.73
2013.02.04 12:28:01.602,1.35077,1.35095,1.13,2.48
2013.02.04 12:28:03.449,1.35078,1.35095,1.13,2.48
2013.02.04 12:28:07.551,1.35079,1.35096,1.13,1.50
2013.02.04 12:28:07.736,1.35078,1.35098,1.65,1.73
2013.02.04 12:28:09.708,1.35079,1.35098,1.65,1.73
2013.02.04 12:28:15.612,1.3508,1.35098,1.65,1.73
2013.02.04 12:28:20.563,1.35081,1.35098,1.65,1.50
2013.02.04 12:28:20.630,1.35085,1.35102,1.50,1.13
2013.02.04 12:28:20.697,1.35085,1.35104,1.50,2.10
2013.02.04 12:28:21.149,1.35086,1.35105,2.25,2.10
2013.02.04 12:28:22.464,1.35086,1.35105,2.25,2.10
2013.02.04 12:28:24.247,1.35086,1.35105,2.25,2.10
2013.02.04 12:28:25.690,1.35085,1.35105,1.88,1.73
2013.02.04 12:28:26.216,1.35085,1.35105,1.88,2.48
2013.02.04 12:28:26.396,1.35084,1.35102,1.13,2.29
2013.02.04 12:28:26.577,1.35084,1.35101,1.13,1.73
2013.02.04 12:28:27.550,1.35079,1.35096,1.65,1.13
2013.02.04 12:28:27.681,1.35077,1.35096,1.50,2.44
2013.02.04 12:28:27.748,1.35075,1.35096,1.80,2.44
2013.02.04 12:28:28.187,1.35074,1.3509,2.40,1.73
2013.02.04 12:28:28.547,1.3507,1.35088,1.88,1.73
2013.02.04 12:28:30.677,1.3507,1.35088,1.28,1.73
2013.02.04 12:28:31.838,1.35073,1.35089,1.88,1.73
2013.02.04 12:28:32.017,1.35074,1.35092,1.65,2.48
2013.02.04 12:28:32.258,1.35074,1.35092,1.65,2.48
2013.02.04 12:28:32.387,1.35075,1.35092,1.65,2.48
2013.02.04 12:28:32.967,1.35074,1.35092,1.65,2.48
2013.02.04 12:28:33.027,1.35074,1.35092,1.65,2.48
2013.02.04 12:28:33.387,1.35071,1.35087,1.13,1.73
2013.02.04 12:28:33.688,1.35071,1.35087,1.13,1.73
2013.02.04 12:28:37.128,1.35067,1.35086,1.28,1.73
2013.02.04 12:28:37.667,1.35069,1.35083,1.28,1.73
2013.02.04 12:28:38.228,1.3507,1.35086,1.28,2.48
2013.02.04 12:28:38.657,1.35065,1.35078,3.15,1.50
2013.02.04 12:28:38.967,1.35058,1.35075,1.50,1.65
2013.02.04 12:28:39.027,1.35058,1.35075,1.50,1.88
2013.02.04 12:28:39.148,1.35054,1.35075,2.40,1.88
2013.02.04 12:28:39.839,1.35054,1.35074,2.40,1.73
2013.02.04 12:28:40.273,1.35054,1.35074,2.40,1.73
2013.02.04 12:28:40.578,1.35052,1.35071,1.13,1.73
2013.02.04 12:28:40.991,1.35052,1.35071,1.13,1.73
2013.02.04 12:28:41.367,1.35052,1.35071,1.88,1.73
2013.02.04 12:28:43.137,1.35052,1.3507,1.13,1.73
2013.02.04 12:28:43.692,1.35054,1.35069,1.13,1.54
2013.02.04 12:28:45.473,1.3505,1.35068,3.38,2.48
2013.02.04 12:28:45.600,1.3505,1.35064,2.25,1.69
2013.02.04 12:28:45.740,1.3505,1.35064,1.50,3.00
2013.02.04 12:28:45.808,1.35045,1.35064,3.15,3.00
2013.02.04 12:28:46.308,1.35047,1.35065,1.50,1.69
2013.02.04 12:28:46.387,1.3505,1.3507,2.25,1.50
2013.02.04 12:28:49.829,1.35052,1.35068,1.50,2.25
2013.02.04 12:28:49.957,1.35051,1.35068,1.50,1.50
2013.02.04 12:28:50.419,1.35048,1.35067,1.50,2.25
2013.02.04 12:28:51.018,1.35048,1.35066,1.50,1.35
2013.02.04 12:28:52.448,1.35047,1.35066,1.50,1.35
2013.02.04 12:28:54.187,1.35048,1.35065,1.50,1.92
2013.02.04 12:28:54.367,1.35045,1.35065,1.50,1.92
2013.02.04 12:28:56.003,1.35045,1.35065,3.00,1.17
2013.02.04 12:28:58.526,1.35046,1.35066,1.50,1.35
2013.02.04 12:28:59.057,1.35046,1.35065,1.50,1.35
2013.02.04 12:28:59.737,1.35047,1.35067,1.50,1.50
2013.02.04 12:29:01.507,1.35045,1.35062,2.40,1.54
2013.02.04 12:29:01.808,1.3504,1.35058,1.13,2.48
2013.02.04 12:29:05.347,1.35037,1.35058,1.65,1.13
2013.02.04 12:29:05.587,1.35037,1.35059,1.50,2.63
2013.02.04 12:29:05.647,1.35042,1.35059,2.25,1.13
2013.02.04 12:29:05.767,1.35042,1.35059,2.25,1.13
2013.02.04 12:29:05.828,1.35042,1.35059,2.25,1.13
2013.02.04 12:29:06.067,1.35045,1.35062,1.88,1.73
2013.02.04 12:29:06.678,1.35045,1.35066,1.13,1.73
2013.02.04 12:29:06.741,1.35048,1.35066,1.50,1.73
2013.02.04 12:29:07.000,1.3505,1.35069,1.50,1.13
2013.02.04 12:29:07.128,1.3505,1.35069,1.50,1.13
2013.02.04 12:29:07.807,1.3505,1.3507,2.25,1.13
2013.02.04 12:29:08.557,1.35049,1.35069,2.48,1.65
2013.02.04 12:29:09.116,1.35049,1.35068,1.50,1.13
2013.02.04 12:29:09.667,1.35052,1.3507,1.50,1.13
2013.02.04 12:29:11.629,1.35051,1.3507,1.50,1.13
2013.02.04 12:29:11.878,1.35047,1.35066,2.40,1.50
2013.02.04 12:29:12.008,1.35045,1.35064,1.13,1.73
2013.02.04 12:29:12.138,1.35045,1.35064,1.88,1.50
2013.02.04 12:29:13.981,1.35045,1.35064,1.13,1.73
2013.02.04 12:29:14.677,1.35047,1.35064,1.65,1.73
2013.02.04 12:29:14.858,1.3505,1.35069,1.50,1.50
2013.02.04 12:29:15.418,1.35052,1.35071,1.50,2.85
2013.02.04 12:29:22.628,1.35053,1.35071,1.13,2.25
2013.02.04 12:29:22.948,1.35056,1.35076,1.88,1.05
2013.02.04 12:29:23.489,1.3506,1.35078,1.50,1.88
2013.02.04 12:29:24.197,1.35061,1.35077,1.50,1.65
2013.02.04 12:29:26.717,1.35058,1.35077,1.73,2.40
2013.02.04 12:29:27.753,1.35058,1.35076,1.50,1.65
2013.02.04 12:29:28.277,1.3506,1.35076,1.50,1.65
2013.02.04 12:29:28.397,1.3506,1.35076,2.25,1.65
2013.02.04 12:29:28.817,1.35066,1.35084,1.50,1.28
2013.02.04 12:29:29.148,1.35066,1.35085,2.25,1.28
2013.02.04 12:29:30.238,1.35065,1.35085,2.25,2.78
2013.02.04 12:29:33.608,1.35066,1.35085,1.13,2.63
2013.02.04 12:29:33.858,1.35071,1.35086,1.13,1.50
2013.02.04 12:29:37.027,1.35071,1.35085,1.88,2.48
2013.02.04 12:29:37.446,1.35071,1.35091,2.63,1.65
2013.02.04 12:29:37.887,1.35071,1.3509,1.88,1.32
2013.02.04 12:29:38.247,1.35071,1.35085,1.13,2.48
2013.02.04 12:29:38.828,1.3507,1.35087,1.13,2.48
2013.02.04 12:29:38.947,1.3507,1.35087,1.13,1.73
2013.02.04 12:29:40.137,1.35071,1.35089,1.65,1.73
