2011.05.04 09:00:00.625,1.41599,1.41631,1.50,1.50
2011.05.04 09:00:01.333,1.41599,1.41632,1.88,1.50
2011.05.04 09:00:01.774,1.41599,1.41636,1.88,1.50
2011.05.04 09:00:01.992,1.41596,1.41631,1.88,1.32
2011.05.04 09:00:02.105,1.41595,1.41631,1.50,1.32
2011.05.04 09:00:02.217,1.41593,1.41624,1.50,1.50
2011.05.04 09:00:02.336,1.41592,1.41623,2.25,2.25
2011.05.04 09:00:02.458,1.41583,1.41618,2.25,2.07
2011.05.04 09:00:02.573,1.41583,1.41613,1.50,1.50
2011.05.04 09:00:02.685,1.41578,1.41612,1.50,1.32
2011.05.04 09:00:02.803,1.41578,1.41612,2.25,1.32
2011.05.04 09:00:03.356,1.41574,1.41606,1.50,1.50
2011.05.04 09:00:03.780,1.41568,1.41607,2.25,1.32
2011.05.04 09:00:03.902,1.41568,1.41605,2.25,1.32
2011.05.04 09:00:04.016,1.41568,1.41605,2.25,1.32
2011.05.04 09:00:04.463,1.41572,1.41603,1.50,1.50
2011.05.04 09:00:04.576,1.4157,1.41599,1.50,1.50
2011.05.04 09:00:04.693,1.41564,1.41599,1.50,2.07
2011.05.04 09:00:04.916,1.4156,1.41597,1.88,2.07
2011.05.04 09:00:05.254,1.41559,1.41594,1.50,1.32
2011.05.04 09:00:05.474,1.41559,1.41593,1.50,1.50
2011.05.04 09:00:05.696,1.41562,1.41596,1.13,1.32
2011.05.04 09:00:05.814,1.41562,1.41596,1.50,1.32
2011.05.04 09:00:05.926,1.41565,1.41601,2.25,2.07
2011.05.04 09:00:06.338,1.41565,1.41599,1.50,5.07
2011.05.04 09:00:06.460,1.41558,1.41593,1.88,2.07
2011.05.04 09:00:06.796,1.4156,1.41595,1.50,2.07
2011.05.04 09:00:07.135,1.41562,1.41597,1.50,1.32
2011.05.04 09:00:07.475,1.41566,1.41602,1.13,1.32
2011.05.04 09:00:07.598,1.41568,1.41605,1.50,1.32
2011.05.04 09:00:07.715,1.41568,1.41605,1.50,1.70
2011.05.04 09:00:08.275,1.41572,1.41608,1.50,1.70
2011.05.04 09:00:08.503,1.4157,1.41608,1.50,1.32
2011.05.04 09:00:09.232,1.41569,1.41607,3.38,1.32
2011.05.04 09:00:09.475,1.41571,1.41607,1.13,1.32
2011.05.04 09:00:09.818,1.41573,1.41607,1.13,1.32
2011.05.04 09:00:10.262,1.41578,1.4161,1.50,1.32
2011.05.04 09:00:10.818,1.41581,1.41615,2.25,1.32
2011.05.04 09:00:11.265,1.41579,1.416,1.50,1.50
2011.05.04 09:00:11.378,1.41579,1.416,1.50,1.50
2011.05.04 09:00:11.495,1.4158,1.416,1.50,1.50
2011.05.04 09:00:11.614,1.4158,1.41607,1.50,1.32
2011.05.04 09:00:12.084,1.41575,1.41607,1.50,1.32
2011.05.04 09:00:12.201,1.41572,1.41597,1.50,1.50
2011.05.04 09:00:12.314,1.41572,1.41597,1.50,1.50
2011.05.04 09:00:12.534,1.41572,1.41599,1.50,1.50
2011.05.04 09:00:12.758,1.4157,1.41598,1.50,1.32
2011.05.04 09:00:13.093,1.41562,1.41596,1.50,1.50
2011.05.04 09:00:13.427,1.41561,1.41595,1.50,2.07
2011.05.04 09:00:13.656,1.41563,1.41598,2.25,2.07
2011.05.04 09:00:13.885,1.4156,1.41598,1.50,1.32
2011.05.04 09:00:14.226,1.41557,1.4159,1.50,1.32
2011.05.04 09:00:14.815,1.41557,1.4159,1.50,1.32
2011.05.04 09:00:14.940,1.41557,1.41588,1.50,2.07
2011.05.04 09:00:15.383,1.41557,1.41586,1.50,1.32
2011.05.04 09:00:15.499,1.41557,1.41586,1.50,1.32
2011.05.04 09:00:15.617,1.41557,1.41582,1.50,2.07
2011.05.04 09:00:15.734,1.41557,1.41582,1.50,2.07
2011.05.04 09:00:16.175,1.41549,1.41582,1.50,2.07
2011.05.04 09:00:16.404,1.41547,1.4158,2.25,1.32
2011.05.04 09:00:16.735,1.41547,1.4157,1.50,1.50
2011.05.04 09:00:17.063,1.41548,1.4157,1.50,1.70
2011.05.04 09:00:17.614,1.41546,1.4157,1.50,2.07
2011.05.04 09:00:18.484,1.41546,1.41572,1.50,1.32
2011.05.04 09:00:20.188,1.41545,1.41569,1.50,1.50
2011.05.04 09:00:20.526,1.41545,1.41567,1.50,1.32
2011.05.04 09:00:20.865,1.41533,1.4156,2.25,1.32
2011.05.04 09:00:21.303,1.41538,1.41563,1.50,1.32
2011.05.04 09:00:21.780,1.41538,1.41564,1.50,1.32
2011.05.04 09:00:22.603,1.41544,1.41567,1.50,1.32
2011.05.04 09:00:22.714,1.41544,1.41568,1.50,1.50
2011.05.04 09:00:22.824,1.41544,1.4157,1.50,1.32
2011.05.04 09:00:23.044,1.41544,1.41572,1.50,1.32
2011.05.04 09:00:23.155,1.41545,1.41571,1.50,5.25
2011.05.04 09:00:23.495,1.41536,1.41564,1.50,1.50
2011.05.04 09:00:23.723,1.41542,1.41567,1.50,1.70
2011.05.04 09:00:23.835,1.41542,1.41566,1.50,1.32
2011.05.04 09:00:23.943,1.41548,1.41566,1.50,1.32
2011.05.04 09:00:24.167,1.41544,1.41573,2.25,1.32
2011.05.04 09:00:24.396,1.41544,1.41573,1.50,1.32
2011.05.04 09:00:24.514,1.41548,1.41574,1.50,1.32
2011.05.04 09:00:24.624,1.41544,1.4157,1.50,1.32
2011.05.04 09:00:25.049,1.41547,1.41571,1.50,1.32
2011.05.04 09:00:25.162,1.41547,1.41571,1.50,1.32
2011.05.04 09:00:25.715,1.41535,1.41565,1.50,1.50
2011.05.04 09:00:26.043,1.4153,1.41561,1.50,1.50
2011.05.04 09:00:26.705,1.41533,1.41565,1.50,1.50
2011.05.04 09:00:26.933,1.41533,1.41563,1.50,1.50
2011.05.04 09:00:27.264,1.41529,1.41558,1.50,1.50
2011.05.04 09:00:27.814,1.41528,1.41557,1.50,1.50
2011.05.04 09:00:28.253,1.41528,1.41557,1.50,1.50
2011.05.04 09:00:28.839,1.41532,1.41565,1.50,1.32
2011.05.04 09:00:29.393,1.41529,1.41561,1.50,1.32
2011.05.04 09:00:30.054,1.41533,1.41564,1.50,1.32
2011.05.04 09:00:30.163,1.41533,1.41562,1.50,1.32
2011.05.04 09:00:30.275,1.41535,1.4156,1.50,1.50
2011.05.04 09:00:30.384,1.41534,1.41563,1.50,1.50
2011.05.04 09:00:30.606,1.4153,1.41564,1.50,1.50
2011.05.04 09:00:30.727,1.41526,1.41557,1.50,1.50
2011.05.04 09:00:30.844,1.41526,1.41556,1.50,1.32
2011.05.04 09:00:31.173,1.41527,1.41558,1.50,1.50
2011.05.04 09:00:31.604,1.41529,1.4156,1.50,1.32
2011.05.04 09:00:31.722,1.41521,1.41545,1.50,1.50
2011.05.04 09:00:31.838,1.41516,1.41545,1.50,1.50
2011.05.04 09:00:32.179,1.41529,1.41561,1.50,1.50
2011.05.04 09:00:32.515,1.41529,1.41559,1.50,1.50
2011.05.04 09:00:32.844,1.41521,1.41552,1.50,1.50
2011.05.04 09:00:32.955,1.41528,1.41558,1.50,2.07
2011.05.04 09:00:33.186,1.41529,1.41558,1.50,1.50
2011.05.04 09:00:33.303,1.41529,1.41561,1.50,2.07
2011.05.04 09:00:34.076,1.41529,1.41561,1.50,2.07
2011.05.04 09:00:34.304,1.41527,1.41559,1.50,1.50
2011.05.04 09:00:34.853,1.41527,1.41559,1.50,1.50
2011.05.04 09:00:35.274,1.41529,1.4156,1.50,1.50
2011.05.04 09:00:35.604,1.41527,1.4156,1.50,1.50
2011.05.04 09:00:35.715,1.41524,1.41556,1.50,1.50
2011.05.04 09:00:35.834,1.41524,1.41556,1.50,1.50
2011.05.04 09:00:35.942,1.41524,1.41558,3.00,2.07
2011.05.04 09:00:36.053,1.41524,1.41558,3.00,2.07
2011.05.04 09:00:36.163,1.41528,1.41558,1.50,2.07
2011.05.04 09:00:36.494,1.41543,1.41558,1.50,1.32
2011.05.04 09:00:36.715,1.41542,1.41572,1.50,1.13
2011.05.04 09:00:36.826,1.41543,1.41572,1.50,1.13
2011.05.04 09:00:36.943,1.41543,1.41573,1.50,2.07
2011.05.04 09:00:37.054,1.41543,1.41571,1.50,1.32
2011.05.04 09:00:37.162,1.41544,1.41573,1.50,1.50
2011.05.04 09:00:37.274,1.41543,1.41573,1.50,1.50
2011.05.04 09:00:37.385,1.41543,1.41574,1.50,1.50
2011.05.04 09:00:37.505,1.41543,1.41574,1.50,1.50
2011.05.04 09:00:37.613,1.41539,1.41574,1.50,1.50
2011.05.04 09:00:38.088,1.41539,1.41572,1.50,1.32
2011.05.04 09:00:38.537,1.41537,1.41568,1.50,1.50
2011.05.04 09:00:38.659,1.41535,1.41558,1.50,1.50
2011.05.04 09:00:38.778,1.41534,1.41558,1.50,1.50
2011.05.04 09:00:39.127,1.4153,1.41563,1.50,2.07
2011.05.04 09:00:39.466,1.41535,1.41561,2.25,1.50
2011.05.04 09:00:40.163,1.41528,1.41561,1.50,1.50
2011.05.04 09:00:41.452,1.41528,1.4156,2.25,1.50
2011.05.04 09:00:42.027,1.41528,1.4156,1.50,1.50
2011.05.04 09:00:42.365,1.41528,1.41556,1.50,1.50
2011.05.04 09:00:42.880,1.41528,1.4156,1.50,1.50
2011.05.04 09:00:43.432,1.41528,1.41562,2.25,1.32
2011.05.04 09:00:44.202,1.41528,1.4156,1.50,1.32
2011.05.04 09:00:44.423,1.41526,1.4156,2.25,1.32
2011.05.04 09:00:44.753,1.41528,1.4156,1.50,1.32
2011.05.04 09:00:45.417,1.41524,1.41559,3.00,1.32
2011.05.04 09:00:47.231,1.4153,1.41559,1.50,1.50
2011.05.04 09:00:47.350,1.4153,1.41562,1.50,1.32
2011.05.04 09:00:48.345,1.4153,1.41562,1.50,1.32
2011.05.04 09:00:48.564,1.4153,1.41562,1.50,1.32
2011.05.04 09:00:48.893,1.41536,1.41562,1.50,1.32
2011.05.04 09:00:49.119,1.41543,1.41571,1.50,2.07
2011.05.04 09:00:49.347,1.41539,1.41573,1.50,1.32
2011.05.04 09:00:49.573,1.41536,1.41572,1.50,1.50
2011.05.04 09:00:49.685,1.41534,1.41565,1.13,1.32
2011.05.04 09:00:49.915,1.4153,1.41565,1.50,2.45
2011.05.04 09:00:50.254,1.41525,1.41557,1.50,1.32
2011.05.04 09:00:50.574,1.41523,1.41553,1.50,1.32
2011.05.04 09:00:51.145,1.41523,1.41554,1.50,1.32
2011.05.04 09:00:51.585,1.41523,1.41553,1.50,1.32
2011.05.04 09:00:52.355,1.41527,1.41553,1.50,1.32
2011.05.04 09:00:52.913,1.41524,1.41555,1.50,1.32
2011.05.04 09:00:53.023,1.41524,1.41555,1.50,1.32
2011.05.04 09:00:54.045,1.41536,1.41557,1.50,1.32
2011.05.04 09:00:54.275,1.41547,1.41574,1.50,2.07
2011.05.04 09:00:54.384,1.41543,1.41575,1.50,1.32
2011.05.04 09:00:54.495,1.41543,1.41575,1.50,2.07
2011.05.04 09:00:55.114,1.41548,1.41575,2.25,1.32
2011.05.04 09:00:55.455,1.41549,1.41575,1.50,1.32
2011.05.04 09:00:55.783,1.41547,1.41575,1.50,1.32
2011.05.04 09:00:56.003,1.41551,1.41579,1.50,1.32
2011.05.04 09:00:56.336,1.41545,1.41579,1.50,1.32
2011.05.04 09:00:56.458,1.41544,1.41576,1.50,1.50
2011.05.04 09:00:56.798,1.41533,1.41565,2.25,1.50
2011.05.04 09:00:57.354,1.41534,1.41567,1.50,1.32
2011.05.04 09:00:57.463,1.41534,1.41567,1.50,1.32
2011.05.04 09:00:58.200,1.41538,1.4157,2.25,1.92
2011.05.04 09:00:58.318,1.41538,1.4157,2.25,1.17
2011.05.04 09:00:58.544,1.41534,1.41569,1.50,2.10
2011.05.04 09:00:58.765,1.41535,1.41569,2.10,1.17
2011.05.04 09:00:59.328,1.41539,1.41569,1.50,1.35
2011.05.04 09:00:59.884,1.41535,1.41567,1.50,1.32
2011.05.04 09:01:00.103,1.41535,1.41567,1.50,1.32
2011.05.04 09:01:00.323,1.41535,1.41567,1.50,1.32
2011.05.04 09:01:01.203,1.41535,1.41567,1.50,1.32
2011.05.04 09:01:01.910,1.41534,1.41564,1.50,1.32
2011.05.04 09:01:02.930,1.41542,1.41568,1.50,1.32
2011.05.04 09:01:03.375,1.41546,1.41574,1.50,1.32
2011.05.04 09:01:03.603,1.41545,1.41565,2.25,4.50
2011.05.04 09:01:03.939,1.41528,1.41557,1.50,2.07
2011.05.04 09:01:04.604,1.41533,1.41557,1.50,1.50
2011.05.04 09:01:04.934,1.41534,1.41564,1.50,1.32
2011.05.04 09:01:05.263,1.41535,1.41564,1.50,2.07
2011.05.04 09:01:05.995,1.41536,1.41564,1.50,2.07
2011.05.04 09:01:06.470,1.41545,1.41571,1.50,1.32
2011.05.04 09:01:06.805,1.41554,1.41581,1.50,1.50
2011.05.04 09:01:06.914,1.41554,1.41582,1.50,2.25
2011.05.04 09:01:07.026,1.41553,1.41582,1.50,1.35
2011.05.04 09:01:07.253,1.41552,1.41573,1.50,1.35
2011.05.04 09:01:07.583,1.41538,1.41559,1.50,1.35
2011.05.04 09:01:07.695,1.41536,1.41562,1.50,1.50
2011.05.04 09:01:08.253,1.41533,1.41568,2.85,1.92
2011.05.04 09:01:08.472,1.41533,1.41568,2.85,1.92
2011.05.04 09:01:08.770,1.41538,1.41568,1.50,1.17
2011.05.04 09:01:08.887,1.41536,1.41568,3.00,1.17
2011.05.04 09:01:09.006,1.41536,1.41567,2.25,1.50
2011.05.04 09:01:09.575,1.41536,1.41562,2.25,1.35
2011.05.04 09:01:09.807,1.41534,1.41566,1.50,1.35
2011.05.04 09:01:10.254,1.41538,1.41568,1.50,1.17
2011.05.04 09:01:11.424,1.41542,1.4157,1.50,1.32
2011.05.04 09:01:11.753,1.41538,1.41569,2.10,1.32
2011.05.04 09:01:12.302,1.41535,1.4157,1.50,1.32
2011.05.04 09:01:12.522,1.41535,1.41568,1.50,1.32
2011.05.04 09:01:12.744,1.41539,1.4157,1.50,1.32
2011.05.04 09:01:15.285,1.41539,1.4157,1.50,1.32
2011.05.04 09:01:15.505,1.41538,1.41571,1.50,2.07
2011.05.04 09:01:15.624,1.41537,1.41571,1.50,2.07
2011.05.04 09:01:15.956,1.41538,1.41568,1.50,1.35
2011.05.04 09:01:16.186,1.4154,1.41567,1.50,1.35
2011.05.04 09:01:16.522,1.41541,1.41572,1.50,1.92
2011.05.04 09:01:18.214,1.41541,1.41572,2.25,1.35
2011.05.04 09:01:19.232,1.41544,1.41573,1.50,1.35
2011.05.04 09:01:19.455,1.41545,1.41577,1.50,1.35
2011.05.04 09:01:20.146,1.41549,1.41577,1.50,1.35
2011.05.04 09:01:20.484,1.41548,1.41577,2.25,1.35
2011.05.04 09:01:21.034,1.4154,1.41571,1.50,1.35
2011.05.04 09:01:21.144,1.41539,1.41569,1.50,1.50
2011.05.04 09:01:21.368,1.41536,1.41565,1.50,1.35
2011.05.04 09:01:21.598,1.41544,1.41568,1.50,1.32
2011.05.04 09:01:22.396,1.41544,1.4157,1.50,1.32
2011.05.04 09:01:23.594,1.41538,1.41568,2.25,1.35
2011.05.04 09:01:23.812,1.41538,1.41566,1.50,1.92
2011.05.04 09:01:24.034,1.41535,1.41566,2.25,1.92
2011.05.04 09:01:24.253,1.41538,1.41566,1.50,1.92
2011.05.04 09:01:24.802,1.41538,1.41566,1.50,1.92
2011.05.04 09:01:25.353,1.4154,1.41566,1.50,1.92
2011.05.04 09:01:25.906,1.41546,1.41566,4.50,1.92
2011.05.04 09:01:26.136,1.41553,1.41582,1.50,1.70
2011.05.04 09:01:26.256,1.41553,1.41582,1.50,1.70
2011.05.04 09:01:26.685,1.41551,1.41579,1.50,1.32
2011.05.04 09:01:26.802,1.41553,1.41578,1.50,1.32
2011.05.04 09:01:27.954,1.41554,1.41578,1.50,1.32
2011.05.04 09:01:28.285,1.41556,1.41585,1.50,1.70
2011.05.04 09:01:28.392,1.41553,1.41585,1.50,1.70
2011.05.04 09:01:28.505,1.41549,1.41582,1.88,1.35
2011.05.04 09:01:28.723,1.41552,1.41578,1.35,1.32
2011.05.04 09:01:28.942,1.41552,1.41578,1.35,1.32
2011.05.04 09:01:30.972,1.41552,1.41579,1.35,1.32
2011.05.04 09:01:31.083,1.41552,1.41579,5.85,1.32
2011.05.04 09:01:31.195,1.41554,1.41582,5.25,1.32
2011.05.04 09:01:32.467,1.41552,1.41582,1.50,1.32
2011.05.04 09:01:32.694,1.41549,1.41582,2.10,1.32
2011.05.04 09:01:32.807,1.41549,1.41578,2.10,1.32
2011.05.04 09:01:33.033,1.41543,1.41576,2.25,1.35
2011.05.04 09:01:33.143,1.41547,1.41576,1.50,1.35
2011.05.04 09:01:33.763,1.4155,1.41576,1.50,1.35
2011.05.04 09:01:34.714,1.4155,1.41576,1.50,1.35
2011.05.04 09:01:34.933,1.41552,1.41581,1.50,1.32
2011.05.04 09:01:36.274,1.41551,1.41581,1.50,1.32
2011.05.04 09:01:36.823,1.41552,1.41581,1.50,1.32
2011.05.04 09:01:36.933,1.41551,1.41581,1.50,1.32
2011.05.04 09:01:37.712,1.41551,1.41581,1.50,1.32
2011.05.04 09:01:38.264,1.41551,1.41581,1.50,1.32
2011.05.04 09:01:38.919,1.41552,1.41581,1.50,1.32
2011.05.04 09:01:41.003,1.41552,1.41581,1.50,1.32
2011.05.04 09:01:41.223,1.41552,1.41583,1.50,1.92
2011.05.04 09:01:41.863,1.41552,1.41583,1.50,1.92
2011.05.04 09:01:42.083,1.41557,1.41583,2.10,1.32
2011.05.04 09:01:42.523,1.41558,1.41583,1.35,1.32
2011.05.04 09:01:42.636,1.4156,1.41584,1.50,1.35
2011.05.04 09:01:42.754,1.4156,1.41586,2.10,1.32
2011.05.04 09:01:42.974,1.41553,1.41579,2.25,1.35
2011.05.04 09:01:43.084,1.41552,1.41578,2.10,1.35
2011.05.04 09:01:43.609,1.41553,1.41578,1.50,1.35
2011.05.04 09:01:43.731,1.41549,1.41578,3.60,1.35
2011.05.04 09:01:44.635,1.41549,1.41578,2.85,1.35
2011.05.04 09:01:45.203,1.41549,1.41578,3.60,1.35
2011.05.04 09:01:45.904,1.41549,1.41582,4.35,1.32
2011.05.04 09:01:46.013,1.41553,1.41582,1.35,1.32
2011.05.04 09:01:47.843,1.41554,1.41578,1.50,1.35
2011.05.04 09:01:47.956,1.4156,1.41585,1.35,1.92
2011.05.04 09:01:48.187,1.41561,1.41585,1.35,1.35
2011.05.04 09:01:48.539,1.41561,1.41585,1.35,1.35
2011.05.04 09:01:48.660,1.41564,1.4159,1.35,1.35
2011.05.04 09:01:48.996,1.41565,1.4159,1.35,1.35
2011.05.04 09:01:49.553,1.41566,1.4159,1.50,1.35
2011.05.04 09:01:49.667,1.4157,1.41599,1.35,1.32
2011.05.04 09:01:52.016,1.41572,1.416,1.35,1.35
2011.05.04 09:01:52.815,1.41569,1.416,3.60,1.35
2011.05.04 09:01:53.145,1.41567,1.41591,1.35,1.35
2011.05.04 09:01:53.694,1.41566,1.41592,1.35,1.35
2011.05.04 09:01:53.916,1.41565,1.41591,1.35,1.35
2011.05.04 09:01:55.612,1.41566,1.41591,1.35,1.35
2011.05.04 09:01:55.944,1.41564,1.41591,2.10,1.35
2011.05.04 09:01:58.287,1.41564,1.41591,2.10,1.35
2011.05.04 09:01:59.176,1.41559,1.41586,1.50,1.35
2011.05.04 09:01:59.295,1.41559,1.41579,1.50,2.10
2011.05.04 09:01:59.405,1.41554,1.41579,1.50,2.85
2011.05.04 09:01:59.517,1.41555,1.4158,1.35,1.35
2011.05.04 09:02:00.513,1.41554,1.41581,1.35,1.35
2011.05.04 09:02:01.548,1.41559,1.41584,1.50,1.32
2011.05.04 09:02:01.666,1.41561,1.41589,1.50,1.32
2011.05.04 09:02:02.222,1.41561,1.41593,2.10,1.32
2011.05.04 09:02:02.443,1.41565,1.41593,1.50,1.32
2011.05.04 09:02:02.996,1.41565,1.41594,1.50,1.32
2011.05.04 09:02:03.115,1.41566,1.41596,2.10,1.50
2011.05.04 09:02:03.662,1.41566,1.41597,2.10,1.32
2011.05.04 09:02:04.584,1.41565,1.41597,1.35,1.32
2011.05.04 09:02:05.129,1.41564,1.41596,1.50,1.35
2011.05.04 09:02:05.573,1.41562,1.41594,2.10,1.32
2011.05.04 09:02:06.845,1.41562,1.41594,2.10,1.32
2011.05.04 09:02:06.963,1.41564,1.41594,1.50,1.32
2011.05.04 09:02:07.734,1.41566,1.41597,1.35,1.32
2011.05.04 09:02:08.063,1.41575,1.416,2.10,1.50
2011.05.04 09:02:09.104,1.41575,1.41605,2.10,1.32
2011.05.04 09:02:09.432,1.41575,1.41605,2.10,1.32
2011.05.04 09:02:10.043,1.41575,1.41605,2.10,1.32
2011.05.04 09:02:10.496,1.41576,1.41602,2.10,1.50
2011.05.04 09:02:10.836,1.41578,1.41606,1.35,1.35
2011.05.04 09:02:11.495,1.41578,1.41606,1.35,1.35
2011.05.04 09:02:11.934,1.41577,1.41609,2.10,1.32
2011.05.04 09:02:12.265,1.41572,1.41603,1.35,1.13
2011.05.04 09:02:12.379,1.4157,1.41598,1.35,1.32
2011.05.04 09:02:12.715,1.41568,1.41598,1.35,1.32
2011.05.04 09:02:14.616,1.4157,1.416,1.35,1.32
2011.05.04 09:02:14.998,1.41568,1.416,1.50,1.32
2011.05.04 09:02:15.785,1.41568,1.416,1.50,1.32
2011.05.04 09:02:16.224,1.4157,1.41602,1.50,1.35
2011.05.04 09:02:17.792,1.41569,1.41603,3.60,1.32
2011.05.04 09:02:18.672,1.41572,1.41603,1.35,1.32
2011.05.04 09:02:19.113,1.41574,1.41603,1.35,1.32
2011.05.04 09:02:19.443,1.41569,1.41603,3.60,1.32
2011.05.04 09:02:20.983,1.41569,1.41603,3.60,1.32
2011.05.04 09:02:23.672,1.41571,1.41603,1.35,1.32
2011.05.04 09:02:24.242,1.4157,1.41603,1.35,1.32
2011.05.04 09:02:25.236,1.41572,1.41603,1.35,1.32
2011.05.04 09:02:25.685,1.41571,1.41603,2.10,1.32
2011.05.04 09:02:26.050,1.41571,1.41603,1.35,1.32
2011.05.04 09:02:26.384,1.41573,1.41603,1.35,1.32
2011.05.04 09:02:27.215,1.4157,1.41603,1.35,1.32
2011.05.04 09:02:28.704,1.41574,1.41603,1.35,1.32
2011.05.04 09:02:28.926,1.41577,1.41608,1.35,1.32
2011.05.04 09:02:29.155,1.41575,1.41608,1.50,1.92
2011.05.04 09:02:29.964,1.41575,1.41608,1.50,1.92
2011.05.04 09:02:30.294,1.41575,1.41608,2.25,1.92
2011.05.04 09:02:31.687,1.41583,1.41608,1.50,1.17
2011.05.04 09:02:32.028,1.41579,1.41615,1.35,1.32
2011.05.04 09:02:32.145,1.41578,1.41611,1.35,1.35
2011.05.04 09:02:32.694,1.41578,1.41611,1.35,1.35
2011.05.04 09:02:32.913,1.41578,1.41611,1.35,1.92
2011.05.04 09:02:35.536,1.41578,1.41607,2.10,1.32
2011.05.04 09:02:35.658,1.41584,1.41613,1.35,1.32
2011.05.04 09:02:36.244,1.41579,1.41606,2.48,1.35
2011.05.04 09:02:36.574,1.41574,1.41599,1.50,1.35
2011.05.04 09:02:36.684,1.41572,1.41599,1.35,1.35
2011.05.04 09:02:37.014,1.41564,1.41596,2.10,1.35
2011.05.04 09:02:37.562,1.41566,1.416,1.50,1.92
2011.05.04 09:02:38.115,1.4156,1.41594,1.50,1.17
2011.05.04 09:02:38.663,1.41559,1.41589,1.35,1.35
2011.05.04 09:02:41.334,1.41559,1.41589,1.35,1.35
2011.05.04 09:02:41.885,1.41561,1.41593,2.25,1.32
2011.05.04 09:02:42.104,1.41562,1.41597,3.00,1.32
2011.05.04 09:02:43.024,1.41562,1.41597,2.25,1.32
2011.05.04 09:02:45.145,1.41564,1.41597,1.50,1.32
2011.05.04 09:02:45.473,1.41565,1.41598,1.50,1.32
2011.05.04 09:02:46.206,1.41568,1.416,1.50,1.13
2011.05.04 09:02:53.762,1.41568,1.41602,1.50,1.32
2011.05.04 09:02:56.512,1.41566,1.41601,3.00,1.32
2011.05.04 09:02:57.103,1.41566,1.41601,1.50,1.32
2011.05.04 09:02:59.573,1.41577,1.41602,1.50,1.32
2011.05.04 09:02:59.904,1.41574,1.41606,1.50,2.25
2011.05.04 09:03:00.016,1.41569,1.41605,1.50,1.32
2011.05.04 09:03:00.604,1.41572,1.41605,1.50,1.70
2011.05.04 09:03:03.574,1.4157,1.41603,1.50,1.50
2011.05.04 09:03:03.795,1.41568,1.41603,1.50,2.07
2011.05.04 09:03:04.053,1.41564,1.41597,2.85,1.35
2011.05.04 09:03:04.163,1.41566,1.41597,1.50,1.35
2011.05.04 09:03:04.683,1.41567,1.41597,1.50,1.35
2011.05.04 09:03:05.368,1.41564,1.41593,2.25,1.35
2011.05.04 09:03:05.718,1.41563,1.41593,1.50,1.35
2011.05.04 09:03:05.834,1.41559,1.41593,1.35,1.92
2011.05.04 09:03:06.493,1.41558,1.41591,1.35,1.50
2011.05.04 09:03:07.044,1.41556,1.41587,1.50,1.35
2011.05.04 09:03:09.323,1.41554,1.41587,1.50,2.10
2011.05.04 09:03:09.763,1.41553,1.4158,2.10,1.35
2011.05.04 09:03:09.873,1.41553,1.41577,1.35,1.35
2011.05.04 09:03:11.464,1.41553,1.41582,1.35,1.32
2011.05.04 09:03:11.684,1.41556,1.41582,1.35,1.32
2011.05.04 09:03:12.123,1.41557,1.41585,1.50,1.35
2011.05.04 09:03:12.741,1.4156,1.41587,1.35,1.32
2011.05.04 09:03:13.403,1.41561,1.41587,1.35,1.32
2011.05.04 09:03:16.144,1.41559,1.41587,1.35,1.32
2011.05.04 09:03:16.473,1.41559,1.41587,1.35,1.32
2011.05.04 09:03:19.113,1.41561,1.41588,2.10,1.92
2011.05.04 09:03:19.773,1.41561,1.41588,2.10,1.35
2011.05.04 09:03:20.435,1.41566,1.4159,2.10,1.32
2011.05.04 09:03:20.874,1.41567,1.41596,1.35,1.32
2011.05.04 09:03:21.874,1.41565,1.41597,2.10,1.32
2011.05.04 09:03:21.985,1.41563,1.41597,1.35,1.32
2011.05.04 09:03:22.643,1.41563,1.41595,1.35,1.50
2011.05.04 09:03:22.974,1.41561,1.41588,1.50,1.35
2011.05.04 09:03:23.197,1.41561,1.41588,1.50,1.35
2011.05.04 09:03:23.422,1.4156,1.41588,1.35,1.35
2011.05.04 09:03:24.723,1.41556,1.41584,1.50,1.50
2011.05.04 09:03:24.945,1.41552,1.41583,1.50,1.32
2011.05.04 09:03:25.054,1.41553,1.41582,1.35,1.35
2011.05.04 09:03:25.275,1.41545,1.41576,1.35,1.35
2011.05.04 09:03:25.495,1.4154,1.41571,1.13,1.35
2011.05.04 09:03:25.603,1.41539,1.41571,1.50,1.35
2011.05.04 09:03:26.252,1.41537,1.41571,2.10,1.35
2011.05.04 09:03:26.817,1.41536,1.41562,1.50,1.35
2011.05.04 09:03:27.044,1.41533,1.41563,1.35,1.32
2011.05.04 09:03:27.156,1.41529,1.41562,1.88,1.35
2011.05.04 09:03:27.275,1.41529,1.4156,1.13,1.35
2011.05.04 09:03:29.472,1.41536,1.41563,1.50,1.17
2011.05.04 09:03:29.805,1.41531,1.41561,1.50,1.35
2011.05.04 09:03:31.765,1.41529,1.4156,2.25,1.35
2011.05.04 09:03:31.886,1.41532,1.4156,1.50,2.10
2011.05.04 09:03:32.216,1.4153,1.4156,1.50,1.35
2011.05.04 09:03:34.736,1.41526,1.41558,1.50,1.32
2011.05.04 09:03:35.185,1.41526,1.41558,1.50,1.32
2011.05.04 09:03:35.405,1.4153,1.41558,1.50,1.32
2011.05.04 09:03:35.516,1.41528,1.41561,1.50,1.92
2011.05.04 09:03:35.627,1.41528,1.41561,1.50,1.92
2011.05.04 09:03:35.745,1.41533,1.41561,1.50,1.17
2011.05.04 09:03:36.074,1.4153,1.41562,1.50,1.35
2011.05.04 09:03:36.295,1.41538,1.41567,1.50,1.32
2011.05.04 09:03:36.853,1.41542,1.4157,1.50,1.32
2011.05.04 09:03:37.187,1.41543,1.41573,1.50,1.32
2011.05.04 09:03:37.304,1.41545,1.41573,1.50,1.32
2011.05.04 09:03:37.745,1.41542,1.41573,1.50,1.32
2011.05.04 09:03:38.075,1.41537,1.41569,1.50,1.32
2011.05.04 09:03:38.417,1.41537,1.41564,1.50,1.32
2011.05.04 09:03:38.864,1.41544,1.4157,1.50,2.07
2011.05.04 09:03:39.195,1.41546,1.4157,1.35,2.07
2011.05.04 09:03:39.523,1.4155,1.41575,1.50,1.32
2011.05.04 09:03:41.603,1.41549,1.41575,1.35,1.32
2011.05.04 09:03:41.824,1.41549,1.41575,1.35,1.32
2011.05.04 09:03:42.372,1.41547,1.41571,1.35,1.32
2011.05.04 09:03:44.543,1.41551,1.41571,1.35,1.32
2011.05.04 09:03:44.653,1.41554,1.41577,1.50,1.50
2011.05.04 09:03:44.763,1.41554,1.4158,1.50,1.50
2011.05.04 09:03:44.984,1.41553,1.41587,1.50,1.32
2011.05.04 09:03:45.094,1.41554,1.41586,2.25,1.32
2011.05.04 09:03:45.645,1.41559,1.41585,2.10,1.50
2011.05.04 09:03:45.755,1.41556,1.41582,1.35,1.35
2011.05.04 09:03:45.973,1.41552,1.41582,2.85,1.35
2011.05.04 09:03:46.524,1.41551,1.41574,1.50,2.10
2011.05.04 09:03:46.855,1.4155,1.41569,1.50,2.85
2011.05.04 09:03:47.198,1.4154,1.41566,1.35,1.35
2011.05.04 09:03:47.319,1.41539,1.41566,1.35,1.35
2011.05.04 09:03:48.313,1.4154,1.41567,1.35,1.35
2011.05.04 09:03:48.535,1.41537,1.41566,1.50,1.35
2011.05.04 09:03:48.645,1.41538,1.41566,1.50,1.35
2011.05.04 09:03:48.973,1.4154,1.41566,1.50,1.35
2011.05.04 09:03:50.403,1.41542,1.41571,1.50,2.10
2011.05.04 09:03:50.733,1.41544,1.41571,1.50,2.10
2011.05.04 09:03:50.955,1.41552,1.41582,1.50,1.13
2011.05.04 09:03:51.503,1.41549,1.41583,2.10,2.25
2011.05.04 09:03:52.168,1.41549,1.41583,1.50,2.82
2011.05.04 09:03:52.661,1.41549,1.41578,2.25,1.35
2011.05.04 09:03:53.437,1.41549,1.41579,1.50,1.32
2011.05.04 09:03:53.558,1.41548,1.41576,1.50,1.35
2011.05.04 09:03:53.677,1.41545,1.41576,1.50,1.35
2011.05.04 09:03:53.906,1.41544,1.41576,1.13,1.35
2011.05.04 09:03:55.393,1.41544,1.41576,1.50,1.35
2011.05.04 09:03:57.443,1.41545,1.41576,2.25,1.35
2011.05.04 09:03:57.995,1.41546,1.41576,1.50,1.35
2011.05.04 09:03:58.324,1.41545,1.41576,1.50,1.35
2011.05.04 09:03:58.984,1.41545,1.41576,2.25,1.35
2011.05.04 09:04:00.732,1.41547,1.41576,1.50,1.35
2011.05.04 09:04:00.844,1.41551,1.4158,1.50,1.32
2011.05.04 09:04:01.067,1.41554,1.41581,1.50,1.50
2011.05.04 09:04:01.405,1.41553,1.41587,1.13,1.50
2011.05.04 09:04:01.758,1.41556,1.41587,1.50,1.50
2011.05.04 09:04:01.879,1.41556,1.41585,1.50,1.35
2011.05.04 09:04:02.545,1.41555,1.41585,1.50,1.35
2011.05.04 09:04:02.985,1.41552,1.41584,2.25,1.32
2011.05.04 09:04:03.423,1.41549,1.41581,1.50,1.35
2011.05.04 09:04:03.973,1.41549,1.41581,1.50,1.50
2011.05.04 09:04:04.530,1.41546,1.41578,1.50,1.50
2011.05.04 09:04:05.083,1.41546,1.41577,1.50,1.50
2011.05.04 09:04:05.633,1.41546,1.41575,1.50,1.50
2011.05.04 09:04:06.555,1.41549,1.41581,1.50,1.32
2011.05.04 09:04:06.772,1.41547,1.41581,1.50,1.32
2011.05.04 09:04:06.883,1.41546,1.41574,1.50,1.50
2011.05.04 09:04:06.996,1.41545,1.41577,1.50,1.88
2011.05.04 09:04:07.225,1.41541,1.41573,1.50,1.32
2011.05.04 09:04:07.553,1.41539,1.41573,1.50,1.32
2011.05.04 09:04:08.704,1.41539,1.41573,1.50,1.32
2011.05.04 09:04:09.034,1.4154,1.41572,3.00,1.35
2011.05.04 09:04:09.363,1.41542,1.41572,2.25,1.35
2011.05.04 09:04:09.912,1.41542,1.41572,2.25,1.35
2011.05.04 09:04:10.022,1.41542,1.41572,1.50,1.35
2011.05.04 09:04:11.214,1.41538,1.41567,1.50,1.35
2011.05.04 09:04:11.434,1.41536,1.41567,2.25,1.35
2011.05.04 09:04:12.805,1.41538,1.41569,1.35,1.32
2011.05.04 09:04:13.132,1.41539,1.41571,1.35,1.32
2011.05.04 09:04:15.402,1.41539,1.41572,2.10,2.07
2011.05.04 09:04:16.357,1.41551,1.41572,2.10,1.32
2011.05.04 09:04:16.475,1.4155,1.41581,1.50,1.50
2011.05.04 09:04:16.697,1.41551,1.41582,1.50,1.35
2011.05.04 09:04:16.816,1.41552,1.41586,1.35,1.32
2011.05.04 09:04:17.155,1.41552,1.41585,1.35,1.50
2011.05.04 09:04:17.485,1.41551,1.41581,1.50,1.35
2011.05.04 09:04:18.504,1.41548,1.41582,1.50,1.32
2011.05.04 09:04:21.053,1.41548,1.4158,1.50,1.50
2011.05.04 09:04:21.603,1.41548,1.41577,1.50,1.35
2011.05.04 09:04:21.712,1.41548,1.4158,1.50,1.35
2011.05.04 09:04:22.262,1.41548,1.4158,1.50,1.35
2011.05.04 09:04:28.164,1.41549,1.4158,1.50,1.35
2011.05.04 09:04:28.713,1.41549,1.41579,1.50,1.32
2011.05.04 09:04:29.642,1.41549,1.41576,1.50,1.32
2011.05.04 09:04:30.355,1.41549,1.41576,1.50,1.32
2011.05.04 09:04:30.466,1.4155,1.4158,1.50,2.67
2011.05.04 09:04:30.695,1.41552,1.4158,1.50,1.92
2011.05.04 09:04:31.244,1.41554,1.41582,1.50,1.32
2011.05.04 09:04:34.473,1.41552,1.41582,1.50,1.32
2011.05.04 09:04:34.693,1.4155,1.41582,1.35,1.32
2011.05.04 09:04:35.244,1.41551,1.41582,1.50,1.32
2011.05.04 09:04:35.577,1.41553,1.41584,1.50,1.32
2011.05.04 09:04:36.136,1.41552,1.41584,1.50,1.32
2011.05.04 09:04:40.092,1.41549,1.41582,2.10,1.32
2011.05.04 09:04:41.820,1.41552,1.41585,1.50,1.32
2011.05.04 09:04:42.374,1.41549,1.4158,2.25,1.35
2011.05.04 09:04:43.362,1.41552,1.41585,1.50,1.35
2011.05.04 09:04:44.896,1.4155,1.41585,2.25,1.35
2011.05.04 09:04:45.114,1.41551,1.41585,1.50,1.35
2011.05.04 09:04:45.336,1.41551,1.41585,1.50,1.35
2011.05.04 09:04:45.668,1.41551,1.41585,1.50,1.35
2011.05.04 09:04:47.687,1.41552,1.41585,1.50,1.92
2011.05.04 09:04:47.915,1.41554,1.41586,2.85,1.32
2011.05.04 09:04:48.248,1.41557,1.4159,1.50,1.32
2011.05.04 09:04:48.585,1.41556,1.41585,1.50,1.35
2011.05.04 09:04:49.133,1.41554,1.41588,1.35,1.32
2011.05.04 09:04:49.464,1.41555,1.41588,2.25,1.32
2011.05.04 09:04:51.913,1.41557,1.4159,1.50,1.92
2011.05.04 09:04:52.704,1.41555,1.4159,2.25,1.92
2011.05.04 09:04:53.428,1.41557,1.4159,1.50,1.92
2011.05.04 09:04:53.769,1.41555,1.41588,1.50,1.32
2011.05.04 09:04:53.887,1.41554,1.41588,1.35,1.32
2011.05.04 09:04:54.113,1.41554,1.41588,1.35,1.32
2011.05.04 09:04:58.444,1.41553,1.41584,2.25,1.35
2011.05.04 09:04:59.209,1.41553,1.41585,2.25,1.35
2011.05.04 09:04:59.764,1.41553,1.41586,1.50,1.35
2011.05.04 09:05:00.288,1.41553,1.41585,1.50,1.35
2011.05.04 09:05:00.845,1.41553,1.41583,1.50,1.35
2011.05.04 09:05:01.066,1.41553,1.41585,2.25,2.10
2011.05.04 09:05:01.406,1.41558,1.41585,1.35,1.92
2011.05.04 09:05:01.844,1.41565,1.41589,1.35,1.50
2011.05.04 09:05:02.393,1.41567,1.41591,1.35,1.50
2011.05.04 09:05:02.945,1.41567,1.41592,1.35,1.50
2011.05.04 09:05:03.495,1.41562,1.4159,2.25,1.50
2011.05.04 09:05:03.714,1.41567,1.41592,1.35,1.50
2011.05.04 09:05:04.426,1.41562,1.4159,1.50,2.10
2011.05.04 09:05:04.534,1.41562,1.4159,1.50,2.10
2011.05.04 09:05:04.755,1.41562,1.41591,1.50,2.10
2011.05.04 09:05:05.084,1.41564,1.4159,1.50,1.35
2011.05.04 09:05:05.304,1.41565,1.4159,1.50,1.35
2011.05.04 09:05:07.445,1.41566,1.4159,1.50,1.35
2011.05.04 09:05:07.994,1.41566,1.4159,1.50,1.35
2011.05.04 09:05:08.653,1.41566,1.4159,1.50,1.35
2011.05.04 09:05:09.204,1.41566,1.4159,1.50,1.35
2011.05.04 09:05:10.254,1.41568,1.41592,1.50,1.35
2011.05.04 09:05:10.693,1.41568,1.41592,1.50,1.35
2011.05.04 09:05:10.912,1.41568,1.41592,1.50,1.35
2011.05.04 09:05:11.244,1.41565,1.41589,1.50,1.35
2011.05.04 09:05:11.573,1.41561,1.41587,1.50,1.35
2011.05.04 09:05:13.935,1.4156,1.41586,1.35,1.35
2011.05.04 09:05:14.885,1.41558,1.41586,1.50,1.35
2011.05.04 09:05:16.792,1.41558,1.4159,1.50,1.35
2011.05.04 09:05:16.904,1.41558,1.41588,1.50,1.35
2011.05.04 09:05:17.125,1.41559,1.41585,1.50,1.35
2011.05.04 09:05:17.453,1.4156,1.41589,1.50,1.50
2011.05.04 09:05:17.564,1.41559,1.41587,1.50,1.35
2011.05.04 09:05:17.674,1.41561,1.41587,1.50,1.35
2011.05.04 09:05:21.194,1.41559,1.41592,2.10,1.32
2011.05.04 09:05:21.417,1.41562,1.41595,2.25,1.35
2011.05.04 09:05:21.646,1.41565,1.41596,1.73,2.25
2011.05.04 09:05:21.984,1.41578,1.41596,1.35,1.50
2011.05.04 09:05:22.318,1.41587,1.41617,1.50,1.32
2011.05.04 09:05:22.656,1.41591,1.41621,1.50,1.35
2011.05.04 09:05:23.187,1.41587,1.41621,1.50,2.10
2011.05.04 09:05:23.525,1.41588,1.41621,1.50,2.10
2011.05.04 09:05:24.084,1.41588,1.41621,1.50,2.10
2011.05.04 09:05:24.636,1.4159,1.41623,1.50,1.92
2011.05.04 09:05:24.977,1.41592,1.41627,1.50,1.35
2011.05.04 09:05:25.314,1.41595,1.41626,1.50,1.32
2011.05.04 09:05:25.644,1.41596,1.41626,1.50,1.32
2011.05.04 09:05:25.975,1.41592,1.41624,2.25,1.50
2011.05.04 09:05:26.087,1.4159,1.41612,1.50,1.35
2011.05.04 09:05:26.313,1.41589,1.41612,1.50,1.35
2011.05.04 09:05:26.533,1.41589,1.41612,1.50,1.35
2011.05.04 09:05:26.981,1.41589,1.41612,1.50,1.35
2011.05.04 09:05:27.533,1.41589,1.41622,1.35,3.00
2011.05.04 09:05:28.083,1.41589,1.41622,1.35,2.25
2011.05.04 09:05:28.303,1.41589,1.41623,1.35,1.32
2011.05.04 09:05:28.525,1.41595,1.41623,1.35,1.32
2011.05.04 09:05:28.745,1.41595,1.41625,1.35,1.32
2011.05.04 09:05:29.075,1.41598,1.41629,1.35,2.82
2011.05.04 09:05:29.405,1.41598,1.41629,1.35,1.32
2011.05.04 09:05:29.516,1.416,1.41629,2.85,1.32
2011.05.04 09:05:29.628,1.41598,1.41629,1.35,1.32
2011.05.04 09:05:29.748,1.41601,1.4163,1.35,1.50
2011.05.04 09:05:30.194,1.41603,1.41633,1.35,1.32
2011.05.04 09:05:30.414,1.41603,1.41636,1.35,4.50
2011.05.04 09:05:31.274,1.41599,1.41633,1.35,1.32
2011.05.04 09:05:31.829,1.41596,1.41627,1.50,1.50
2011.05.04 09:05:31.947,1.41595,1.41628,2.10,1.50
2011.05.04 09:05:32.504,1.41595,1.41628,2.10,1.32
2011.05.04 09:05:32.945,1.41595,1.41627,2.10,1.50
2011.05.04 09:05:33.164,1.41591,1.41622,1.50,1.50
2011.05.04 09:05:33.385,1.41591,1.41622,1.50,1.50
2011.05.04 09:05:33.714,1.41588,1.41621,1.35,1.50
2011.05.04 09:05:34.264,1.41588,1.41621,1.35,1.50
2011.05.04 09:05:34.634,1.41588,1.41621,1.35,1.50
2011.05.04 09:05:34.751,1.41591,1.41621,1.50,1.50
2011.05.04 09:05:34.869,1.41592,1.41624,1.50,1.35
2011.05.04 09:05:34.985,1.41592,1.41624,1.50,1.35
2011.05.04 09:05:35.504,1.41594,1.41624,1.50,1.35
2011.05.04 09:05:36.094,1.41594,1.41624,3.00,1.35
2011.05.04 09:05:36.650,1.41594,1.41628,2.25,1.32
2011.05.04 09:05:37.093,1.41594,1.41628,2.25,1.32
2011.05.04 09:05:37.317,1.41594,1.41628,1.50,1.32
2011.05.04 09:05:38.003,1.41593,1.41628,3.00,1.32
2011.05.04 09:05:38.443,1.41593,1.41621,1.50,1.35
2011.05.04 09:05:39.273,1.41593,1.41621,1.50,1.35
2011.05.04 09:05:40.054,1.41589,1.41615,1.13,1.50
2011.05.04 09:05:40.164,1.41589,1.41615,1.50,1.50
2011.05.04 09:05:40.713,1.41591,1.4162,1.50,1.35
2011.05.04 09:05:41.265,1.41592,1.41624,1.50,1.32
2011.05.04 09:05:41.375,1.41595,1.41625,1.50,1.50
2011.05.04 09:05:41.814,1.41594,1.41626,2.63,1.50
2011.05.04 09:05:42.507,1.41594,1.41619,1.50,1.35
2011.05.04 09:05:43.384,1.41596,1.41624,1.50,1.50
2011.05.04 09:05:43.934,1.41595,1.41622,1.50,1.50
2011.05.04 09:05:44.373,1.41596,1.41624,1.50,1.50
2011.05.04 09:05:45.033,1.41596,1.41622,1.50,1.50
2011.05.04 09:05:47.274,1.41596,1.41622,1.50,1.50
2011.05.04 09:05:47.824,1.41596,1.41622,1.50,1.50
2011.05.04 09:05:48.373,1.41596,1.41622,1.50,1.50
2011.05.04 09:05:48.965,1.41596,1.41623,1.50,1.50
2011.05.04 09:05:49.403,1.41596,1.41623,1.50,1.50
2011.05.04 09:05:49.625,1.41596,1.41624,1.50,1.50
2011.05.04 09:05:50.547,1.41596,1.41621,1.50,1.50
2011.05.04 09:05:51.573,1.41593,1.41619,1.50,1.50
2011.05.04 09:05:54.194,1.41593,1.41621,1.50,1.50
2011.05.04 09:05:55.793,1.41595,1.41626,1.50,1.50
2011.05.04 09:05:55.902,1.41596,1.41626,1.50,1.50
2011.05.04 09:05:56.672,1.41596,1.41626,1.50,1.50
2011.05.04 09:05:57.903,1.41596,1.41623,1.50,1.50
2011.05.04 09:05:58.502,1.41596,1.41622,1.50,1.50
2011.05.04 09:05:58.614,1.41592,1.41622,1.50,1.50
2011.05.04 09:06:00.122,1.41592,1.41622,1.50,1.50
2011.05.04 09:06:00.603,1.41593,1.41627,1.50,3.60
2011.05.04 09:06:00.825,1.41598,1.41627,1.35,1.50
2011.05.04 09:06:01.524,1.41598,1.41632,1.35,1.32
2011.05.04 09:06:03.233,1.41598,1.4163,1.35,1.50
2011.05.04 09:06:03.454,1.41598,1.41632,1.35,3.57
2011.05.04 09:06:05.463,1.41596,1.41627,1.50,1.50
2011.05.04 09:06:05.684,1.41595,1.41627,1.50,1.50
2011.05.04 09:06:09.773,1.41595,1.41627,1.50,1.50
2011.05.04 09:06:13.272,1.41595,1.41627,1.50,1.50
2011.05.04 09:06:15.373,1.41595,1.41627,1.50,1.50
2011.05.04 09:06:15.594,1.41595,1.41628,1.50,1.50
2011.05.04 09:06:16.679,1.41595,1.41628,1.50,1.50
2011.05.04 09:06:20.693,1.41598,1.41628,1.35,1.50
2011.05.04 09:06:20.804,1.41599,1.41632,1.35,2.07
2011.05.04 09:06:26.103,1.41602,1.41632,2.10,2.67
2011.05.04 09:06:26.215,1.41602,1.41632,2.10,1.92
2011.05.04 09:06:26.546,1.41606,1.41635,2.10,2.25
2011.05.04 09:06:26.873,1.41606,1.41636,2.10,4.50
2011.05.04 09:06:31.204,1.41609,1.41636,1.35,4.50
2011.05.04 09:06:31.713,1.41613,1.41636,2.10,4.50
2011.05.04 09:06:32.703,1.41609,1.41636,1.50,4.50
2011.05.04 09:06:32.814,1.41607,1.41636,3.75,4.50
2011.05.04 09:06:34.026,1.41608,1.41637,1.13,4.50
2011.05.04 09:06:34.136,1.41608,1.41637,1.13,4.50
2011.05.04 09:06:35.154,1.4161,1.41636,1.35,1.35
2011.05.04 09:06:35.377,1.41609,1.41636,1.35,5.10
2011.05.04 09:06:35.695,1.41607,1.41636,1.35,5.10
2011.05.04 09:06:35.808,1.41602,1.41634,2.25,1.35
2011.05.04 09:06:36.267,1.41599,1.4163,2.25,1.35
2011.05.04 09:06:36.389,1.41596,1.41629,1.50,1.32
2011.05.04 09:06:36.507,1.41597,1.41629,1.35,1.32
2011.05.04 09:06:37.926,1.416,1.41633,2.10,1.32
2011.05.04 09:06:38.264,1.41602,1.41634,1.35,1.32
2011.05.04 09:06:38.593,1.41604,1.41634,1.35,1.32
2011.05.04 09:06:38.704,1.41602,1.41634,1.50,1.32
2011.05.04 09:06:44.795,1.41601,1.41634,1.35,1.32
2011.05.04 09:06:45.234,1.416,1.41624,1.50,1.35
2011.05.04 09:06:45.453,1.41596,1.41628,2.10,1.50
2011.05.04 09:06:45.673,1.41596,1.41629,3.60,1.13
2011.05.04 09:06:47.044,1.41596,1.4163,3.98,1.35
2011.05.04 09:06:48.194,1.41596,1.4163,3.23,1.35
2011.05.04 09:06:50.645,1.41596,1.4163,3.23,1.35
2011.05.04 09:06:50.975,1.41599,1.41634,1.50,1.32
2011.05.04 09:06:51.634,1.416,1.41633,3.00,1.35
2011.05.04 09:06:55.395,1.41601,1.41633,1.50,1.35
2011.05.04 09:06:57.530,1.41602,1.41636,2.25,4.50
2011.05.04 09:06:58.123,1.41602,1.41637,2.25,5.07
2011.05.04 09:06:58.705,1.41601,1.41637,1.35,5.82
2011.05.04 09:06:59.363,1.416,1.41628,1.50,1.50
2011.05.04 09:06:59.695,1.41602,1.4163,1.35,1.50
2011.05.04 09:06:59.803,1.41602,1.4163,2.10,1.50
2011.05.04 09:07:00.665,1.41604,1.4163,4.50,1.50
2011.05.04 09:07:00.997,1.41615,1.41636,1.35,4.50
2011.05.04 09:07:01.554,1.41618,1.41636,1.35,4.50
2011.05.04 09:07:01.778,1.41612,1.41636,2.85,1.35
2011.05.04 09:07:02.115,1.41607,1.41632,1.35,1.35
2011.05.04 09:07:02.553,1.41606,1.41632,1.35,1.35
2011.05.04 09:07:03.104,1.41607,1.41632,5.85,1.35
2011.05.04 09:07:03.215,1.41613,1.41637,2.10,4.50
2011.05.04 09:07:03.581,1.41609,1.41636,2.85,5.10
2011.05.04 09:07:04.244,1.4161,1.41636,1.35,5.10
2011.05.04 09:07:04.353,1.41611,1.41636,1.35,4.50
2011.05.04 09:07:05.773,1.41617,1.41637,2.10,4.50
2011.05.04 09:07:08.145,1.41623,1.41637,2.10,4.50
2011.05.04 09:07:09.915,1.41623,1.41636,2.10,4.50
2011.05.04 09:07:10.246,1.41626,1.41636,2.10,3.75
2011.05.04 09:07:11.465,1.41626,1.41636,2.10,3.75
2011.05.04 09:07:11.685,1.41621,1.41636,1.35,3.75
2011.05.04 09:07:11.794,1.41621,1.41636,1.35,4.50
2011.05.04 09:07:12.014,1.41618,1.41636,3.60,4.50
2011.05.04 09:07:12.125,1.41618,1.41637,2.10,4.50
2011.05.04 09:07:12.233,1.41617,1.41637,1.35,4.50
2011.05.04 09:07:12.344,1.41622,1.41637,1.35,4.50
2011.05.04 09:07:12.565,1.41615,1.41637,1.50,4.50
2011.05.04 09:07:12.785,1.41621,1.41636,1.35,4.50
2011.05.04 09:07:12.894,1.4162,1.41636,2.10,4.50
2011.05.04 09:07:13.115,1.41617,1.41636,1.50,4.50
2011.05.04 09:07:13.225,1.41616,1.41636,1.35,4.50
2011.05.04 09:07:13.556,1.41613,1.41637,1.50,4.50
2011.05.04 09:07:13.884,1.41612,1.41637,3.00,4.50
2011.05.04 09:07:13.995,1.41612,1.41637,3.00,4.50
2011.05.04 09:07:14.340,1.41612,1.41637,2.25,4.50
2011.05.04 09:07:15.293,1.41611,1.41637,2.25,4.50
2011.05.04 09:07:15.843,1.41611,1.41637,2.25,4.50
2011.05.04 09:07:16.173,1.41611,1.41637,2.25,4.50
2011.05.04 09:07:16.395,1.4161,1.41637,2.10,4.50
2011.05.04 09:07:19.793,1.41611,1.41637,5.25,4.50
2011.05.04 09:07:19.906,1.41615,1.41636,2.25,4.50
2011.05.04 09:07:20.016,1.41614,1.41637,1.50,4.50
2011.05.04 09:07:20.138,1.41611,1.41637,1.50,4.50
2011.05.04 09:07:20.472,1.41611,1.41637,1.50,4.50
2011.05.04 09:07:20.584,1.41612,1.41637,1.50,4.50
2011.05.04 09:07:21.023,1.41611,1.41637,1.50,4.50
2011.05.04 09:07:21.475,1.41612,1.41637,1.50,4.50
2011.05.04 09:07:22.059,1.41611,1.41636,3.00,4.50
2011.05.04 09:07:22.406,1.41614,1.41637,2.10,4.50
2011.05.04 09:07:22.515,1.41614,1.41636,1.35,4.50
2011.05.04 09:07:22.735,1.41614,1.41637,2.10,4.50
2011.05.04 09:07:22.844,1.41617,1.41637,1.50,4.50
2011.05.04 09:07:23.179,1.41622,1.41637,2.85,4.50
2011.05.04 09:07:23.846,1.41623,1.41636,1.35,4.50
2011.05.04 09:07:24.296,1.41624,1.41636,1.35,3.75
2011.05.04 09:07:24.415,1.41631,1.41646,1.35,9.75
2011.05.04 09:07:24.525,1.41626,1.41636,1.50,3.75
2011.05.04 09:07:24.635,1.41627,1.41636,1.35,2.85
2011.05.04 09:07:25.121,1.41625,1.41636,2.10,2.48
2011.05.04 09:07:25.345,1.41626,1.41636,1.35,2.48
2011.05.04 09:07:25.895,1.41626,1.41636,1.35,2.48
2011.05.04 09:07:26.333,1.4163,1.41636,1.50,2.48
2011.05.04 09:07:26.444,1.41628,1.41637,2.10,2.48
2011.05.04 09:07:26.994,1.41626,1.41636,1.35,2.48
2011.05.04 09:07:27.655,1.4162,1.41637,2.85,3.23
2011.05.04 09:07:28.203,1.41619,1.41636,1.35,3.23
2011.05.04 09:07:28.313,1.41618,1.41636,1.35,3.23
2011.05.04 09:07:28.534,1.41618,1.41636,1.35,3.23
2011.05.04 09:07:28.918,1.41615,1.41636,1.50,3.23
2011.05.04 09:07:29.148,1.41612,1.41637,3.00,3.23
2011.05.04 09:07:31.583,1.4161,1.41635,2.10,1.13
2011.05.04 09:07:32.138,1.41607,1.41635,1.50,1.13
2011.05.04 09:07:32.365,1.41607,1.41634,1.50,1.13
2011.05.04 09:07:32.693,1.416,1.41633,2.85,1.32
2011.05.04 09:07:33.135,1.41604,1.41627,1.50,1.13
2011.05.04 09:07:33.609,1.41608,1.41631,2.10,1.50
2011.05.04 09:07:34.385,1.41605,1.41632,1.50,1.13
2011.05.04 09:07:34.496,1.41604,1.41626,1.50,1.13
2011.05.04 09:07:34.719,1.41601,1.41632,1.50,1.50
2011.05.04 09:07:35.054,1.416,1.41627,3.60,1.50
2011.05.04 09:07:35.276,1.41598,1.41628,3.00,1.13
2011.05.04 09:07:35.615,1.41596,1.41628,1.50,1.13
2011.05.04 09:07:36.056,1.41598,1.41627,2.10,1.13
2011.05.04 09:07:36.393,1.416,1.41628,2.25,1.13
2011.05.04 09:07:36.950,1.41603,1.41628,2.25,1.13
2011.05.04 09:07:37.929,1.41604,1.41628,1.50,1.13
2011.05.04 09:07:38.484,1.41604,1.41628,1.50,1.13
2011.05.04 09:07:38.816,1.41604,1.41635,2.25,1.13
2011.05.04 09:07:39.365,1.41608,1.41636,1.35,1.73
2011.05.04 09:07:40.133,1.41608,1.41635,1.35,1.13
2011.05.04 09:07:48.486,1.41604,1.4163,2.10,1.35
2011.05.04 09:07:49.819,1.41598,1.41624,1.50,1.35
2011.05.04 09:07:50.188,1.41596,1.41624,2.10,1.35
2011.05.04 09:07:52.294,1.41596,1.41624,2.85,1.35
2011.05.04 09:07:54.703,1.41596,1.41624,5.10,1.35
2011.05.04 09:07:54.922,1.41596,1.41624,5.10,1.35
2011.05.04 09:07:55.252,1.41596,1.41624,5.10,1.35
2011.05.04 09:07:56.045,1.41596,1.41624,3.60,1.35
2011.05.04 09:07:56.266,1.41596,1.41624,1.35,1.35
2011.05.04 09:07:56.754,1.41601,1.41625,2.10,1.50
2011.05.04 09:07:57.304,1.41608,1.41625,2.10,1.50
2011.05.04 09:07:57.878,1.4161,1.41626,2.10,1.50
2011.05.04 09:07:57.995,1.41608,1.41626,2.10,1.50
2011.05.04 09:07:58.106,1.41609,1.41626,1.35,2.25
2011.05.04 09:07:58.665,1.41608,1.41626,1.35,2.25
2011.05.04 09:08:01.284,1.41609,1.41626,1.35,2.25
2011.05.04 09:08:03.643,1.41612,1.41625,1.50,1.50
2011.05.04 09:08:03.974,1.41609,1.41625,2.10,1.50
2011.05.04 09:08:04.194,1.41609,1.41625,2.10,1.50
2011.05.04 09:08:04.743,1.41609,1.41625,1.35,1.50
2011.05.04 09:08:05.553,1.41609,1.41625,2.10,1.50
2011.05.04 09:08:06.173,1.41609,1.41625,2.10,1.50
2011.05.04 09:08:06.502,1.41609,1.41625,5.85,1.50
2011.05.04 09:08:06.724,1.41616,1.41632,1.35,1.50
2011.05.04 09:08:06.944,1.41612,1.41625,2.10,1.50
2011.05.04 09:08:09.134,1.41609,1.41625,1.35,1.50
2011.05.04 09:08:09.356,1.41605,1.41625,1.35,1.50
2011.05.04 09:08:09.477,1.41609,1.41625,2.10,1.50
2011.05.04 09:08:09.815,1.41602,1.41625,1.35,1.50
2011.05.04 09:08:10.034,1.41605,1.41625,2.10,1.50
2011.05.04 09:08:10.256,1.41605,1.41628,2.85,1.50
2011.05.04 09:08:10.475,1.41613,1.41628,2.10,1.50
2011.05.04 09:08:11.002,1.41615,1.41629,1.35,1.50
2011.05.04 09:08:11.123,1.41618,1.41631,2.10,1.50
2011.05.04 09:08:11.236,1.41618,1.41631,2.25,1.50
2011.05.04 09:08:11.458,1.41614,1.41632,2.10,1.50
2011.05.04 09:08:11.685,1.41614,1.41631,2.10,1.50
2011.05.04 09:08:13.834,1.4162,1.41633,1.50,1.50
2011.05.04 09:08:13.944,1.41613,1.41632,2.25,1.50
2011.05.04 09:08:14.058,1.41611,1.41632,1.50,1.50
2011.05.04 09:08:14.394,1.41613,1.41628,2.10,1.50
2011.05.04 09:08:14.615,1.41613,1.41627,2.10,1.50
2011.05.04 09:08:15.845,1.41613,1.41628,2.10,1.50
2011.05.04 09:08:16.063,1.41613,1.41628,2.10,1.50
2011.05.04 09:08:16.397,1.4161,1.41628,2.25,1.50
2011.05.04 09:08:16.737,1.41606,1.41627,1.50,1.50
2011.05.04 09:08:17.302,1.41602,1.41627,1.35,1.50
2011.05.04 09:08:17.637,1.41607,1.41627,1.35,1.50
2011.05.04 09:08:17.976,1.41607,1.41627,1.35,1.50
2011.05.04 09:08:18.558,1.41607,1.41627,1.35,1.50
2011.05.04 09:08:21.804,1.41606,1.41627,2.10,1.50
2011.05.04 09:08:22.025,1.41603,1.41627,1.50,1.50
2011.05.04 09:08:24.632,1.41599,1.41627,2.25,1.50
2011.05.04 09:08:24.746,1.41599,1.41627,1.50,1.50
2011.05.04 09:08:25.186,1.41595,1.41627,4.35,1.50
2011.05.04 09:08:25.742,1.41595,1.41625,1.35,1.32
2011.05.04 09:08:25.963,1.41595,1.41625,1.35,1.32
2011.05.04 09:08:26.757,1.41595,1.41623,1.35,1.50
2011.05.04 09:08:27.975,1.41595,1.41623,1.35,1.50
2011.05.04 09:08:29.114,1.41591,1.41623,2.25,1.50
2011.05.04 09:08:33.613,1.4159,1.41621,2.25,1.13
2011.05.04 09:08:33.834,1.41588,1.41621,2.85,1.13
2011.05.04 09:08:36.884,1.41588,1.41621,2.85,1.13
2011.05.04 09:08:37.104,1.41588,1.41615,2.10,1.13
2011.05.04 09:08:37.638,1.41585,1.41616,3.00,1.13
2011.05.04 09:08:37.974,1.41588,1.41616,2.10,1.13
2011.05.04 09:08:40.964,1.4159,1.41616,1.35,1.13
2011.05.04 09:08:43.044,1.4159,1.41615,1.35,1.13
2011.05.04 09:08:43.376,1.41592,1.41619,1.35,1.35
2011.05.04 09:08:43.486,1.4159,1.41619,2.10,1.35
2011.05.04 09:08:44.015,1.41592,1.41619,1.35,1.73
2011.05.04 09:08:44.614,1.41591,1.41619,1.35,1.73
2011.05.04 09:08:45.703,1.41591,1.41619,2.10,1.73
2011.05.04 09:08:46.468,1.41591,1.41619,2.10,1.73
2011.05.04 09:08:47.005,1.41592,1.41619,1.35,1.73
2011.05.04 09:08:47.552,1.4159,1.41619,1.35,1.73
2011.05.04 09:08:51.001,1.41588,1.41617,2.10,1.13
2011.05.04 09:08:52.058,1.41583,1.41617,1.50,1.13
2011.05.04 09:08:52.180,1.41582,1.41616,2.85,1.32
2011.05.04 09:08:52.627,1.41578,1.41603,1.50,1.70
2011.05.04 09:08:52.746,1.41575,1.41603,1.50,1.70
2011.05.04 09:08:53.294,1.41571,1.41603,1.35,1.13
2011.05.04 09:08:53.625,1.41568,1.41596,4.35,1.13
2011.05.04 09:08:53.735,1.41568,1.41597,2.10,1.13
2011.05.04 09:08:53.843,1.41568,1.41597,1.35,1.13
2011.05.04 09:08:54.283,1.41565,1.41597,1.35,1.70
2011.05.04 09:08:54.396,1.41565,1.41597,2.10,1.70
2011.05.04 09:08:54.944,1.41568,1.41596,2.10,1.13
2011.05.04 09:08:55.492,1.41568,1.41596,2.85,1.13
2011.05.04 09:08:56.004,1.41569,1.41596,1.50,1.13
2011.05.04 09:08:56.335,1.4157,1.41596,1.50,1.13
2011.05.04 09:08:56.774,1.4157,1.41597,1.50,1.13
2011.05.04 09:08:56.884,1.4157,1.41597,2.25,1.13
2011.05.04 09:08:57.323,1.4157,1.41597,2.25,1.13
2011.05.04 09:08:58.574,1.4157,1.41596,2.85,1.13
2011.05.04 09:08:59.893,1.41573,1.41601,1.35,1.13
2011.05.04 09:09:00.753,1.41571,1.416,1.35,1.13
2011.05.04 09:09:01.303,1.41571,1.416,1.35,1.13
2011.05.04 09:09:05.434,1.41574,1.416,1.35,1.13
2011.05.04 09:09:05.654,1.41574,1.41607,2.10,1.70
2011.05.04 09:09:06.314,1.41574,1.41603,1.35,1.32
2011.05.04 09:09:06.862,1.41573,1.41601,1.35,1.13
2011.05.04 09:09:07.211,1.41571,1.41601,2.10,1.13
2011.05.04 09:09:07.804,1.41571,1.41601,1.35,1.13
2011.05.04 09:09:08.244,1.41573,1.41601,1.35,1.13
2011.05.04 09:09:08.355,1.41576,1.41601,2.85,1.13
2011.05.04 09:09:08.577,1.41578,1.41602,1.35,2.25
2011.05.04 09:09:08.914,1.41576,1.41602,5.10,2.25
2011.05.04 09:09:09.244,1.41576,1.41601,1.50,1.13
2011.05.04 09:09:09.354,1.41574,1.41601,2.85,1.13
2011.05.04 09:09:09.904,1.41572,1.41601,2.10,1.88
2011.05.04 09:09:14.172,1.41574,1.41601,1.35,1.88
2011.05.04 09:09:14.504,1.41576,1.41601,2.10,1.50
2011.05.04 09:09:16.645,1.41572,1.41601,2.10,2.48
2011.05.04 09:09:16.759,1.41576,1.41601,2.10,1.88
2011.05.04 09:09:17.094,1.41576,1.41601,2.10,1.13
2011.05.04 09:09:23.603,1.41569,1.41596,2.10,1.35
2011.05.04 09:09:24.152,1.41567,1.41594,2.85,1.13
2011.05.04 09:09:24.793,1.41567,1.41594,2.85,1.13
2011.05.04 09:09:25.125,1.41571,1.41594,2.10,1.88
2011.05.04 09:09:26.335,1.41571,1.41594,2.10,1.88
2011.05.04 09:09:30.360,1.41571,1.41594,2.10,1.88
2011.05.04 09:09:31.874,1.41571,1.41594,2.10,1.88
2011.05.04 09:09:32.313,1.41571,1.41594,2.10,1.88
2011.05.04 09:09:33.194,1.41571,1.41593,2.10,1.13
2011.05.04 09:09:33.304,1.41565,1.41594,2.10,1.73
2011.05.04 09:09:35.303,1.41558,1.41586,2.85,1.13
2011.05.04 09:09:35.525,1.41564,1.41587,2.10,1.13
2011.05.04 09:09:35.835,1.41557,1.41586,2.10,1.35
2011.05.04 09:09:35.970,1.41561,1.41587,2.10,1.13
2011.05.04 09:09:36.983,1.41561,1.41587,3.60,1.13
2011.05.04 09:09:37.206,1.41569,1.41595,1.50,3.05
2011.05.04 09:09:37.324,1.4157,1.41596,1.35,1.88
2011.05.04 09:09:37.436,1.4157,1.416,1.35,1.32
2011.05.04 09:09:37.664,1.41569,1.41596,2.10,1.13
2011.05.04 09:09:42.803,1.41569,1.41597,2.85,1.13
2011.05.04 09:09:44.247,1.41574,1.41599,1.50,1.32
2011.05.04 09:09:44.362,1.41576,1.41606,1.50,1.50
2011.05.04 09:09:44.476,1.41579,1.41609,2.85,1.88
2011.05.04 09:09:44.599,1.41581,1.41615,2.48,2.25
2011.05.04 09:09:44.719,1.41586,1.41615,1.50,1.50
2011.05.04 09:09:44.838,1.41587,1.41615,1.50,1.50
2011.05.04 09:09:44.956,1.41588,1.41615,1.35,1.50
2011.05.04 09:09:45.286,1.41592,1.41618,2.10,1.50
2011.05.04 09:09:46.654,1.41592,1.41625,2.10,1.13
2011.05.04 09:09:46.764,1.4159,1.41625,1.35,1.70
2011.05.04 09:09:47.095,1.41588,1.41617,2.25,1.13
2011.05.04 09:09:47.205,1.41586,1.41617,1.35,1.13
2011.05.04 09:09:47.315,1.41586,1.41616,1.35,1.13
2011.05.04 09:09:47.424,1.41586,1.41616,1.35,1.13
2011.05.04 09:09:48.010,1.41582,1.41614,1.50,1.32
2011.05.04 09:09:48.127,1.41581,1.41611,3.60,1.13
2011.05.04 09:09:48.684,1.41581,1.41611,1.35,1.13
2011.05.04 09:09:49.015,1.41583,1.41611,1.13,1.13
2011.05.04 09:09:49.345,1.41585,1.41611,2.10,1.13
2011.05.04 09:09:50.125,1.41585,1.41611,2.48,1.13
2011.05.04 09:09:50.345,1.41587,1.41612,1.50,1.13
2011.05.04 09:09:50.456,1.41592,1.41621,1.35,1.88
2011.05.04 09:09:51.043,1.41592,1.41621,1.35,2.63
2011.05.04 09:09:51.713,1.41592,1.4162,2.10,1.50
2011.05.04 09:09:51.933,1.41592,1.4162,3.60,1.50
2011.05.04 09:09:52.154,1.41596,1.4162,1.35,1.50
2011.05.04 09:09:52.704,1.41596,1.4162,2.10,1.50
2011.05.04 09:09:53.124,1.41598,1.41621,1.50,1.50
2011.05.04 09:09:53.454,1.41598,1.41621,1.50,1.50
2011.05.04 09:09:54.814,1.41601,1.41621,1.50,1.50
2011.05.04 09:09:55.146,1.41606,1.4162,3.00,1.50
2011.05.04 09:09:55.484,1.41606,1.4162,1.13,1.50
2011.05.04 09:09:55.705,1.41604,1.4162,1.35,1.50
2011.05.04 09:09:55.924,1.41598,1.4162,1.50,1.50
2011.05.04 09:09:56.366,1.41596,1.41621,1.35,1.50
2011.05.04 09:09:56.593,1.41594,1.41621,1.50,1.50
2011.05.04 09:09:57.143,1.41592,1.41621,2.25,2.25
2011.05.04 09:09:57.653,1.41592,1.41621,2.25,2.25
2011.05.04 09:09:57.987,1.41607,1.41629,1.50,1.50
2011.05.04 09:09:58.352,1.41622,1.41637,1.35,2.48
2011.05.04 09:09:58.687,1.41633,1.41647,1.50,3.13
2011.05.04 09:09:59.027,1.41636,1.41671,1.13,2.10
2011.05.04 09:09:59.260,1.41639,1.41673,1.50,1.32
2011.05.04 09:09:59.595,1.41635,1.41664,1.50,1.13
2011.05.04 09:09:59.708,1.41636,1.41664,1.50,1.13
2011.05.04 09:09:59.827,1.41636,1.41663,1.50,1.13
2011.05.04 09:10:00.288,1.41629,1.41663,2.10,1.13
2011.05.04 09:10:00.413,1.41625,1.41655,1.50,1.13
2011.05.04 09:10:00.530,1.41621,1.41656,1.50,1.13
2011.05.04 09:10:00.869,1.41619,1.41644,1.50,1.13
2011.05.04 09:10:00.989,1.41618,1.41641,1.50,1.35
2011.05.04 09:10:01.106,1.41614,1.41641,1.50,1.35
2011.05.04 09:10:01.226,1.41614,1.41635,1.50,1.13
2011.05.04 09:10:01.556,1.41614,1.41626,1.50,1.35
2011.05.04 09:10:01.996,1.41595,1.41625,1.50,1.32
2011.05.04 09:10:02.107,1.41595,1.41625,1.50,1.32
2011.05.04 09:10:02.482,1.416,1.41629,1.35,1.32
2011.05.04 09:10:02.804,1.41609,1.4163,1.35,1.50
2011.05.04 09:10:03.694,1.41606,1.4163,1.50,1.50
2011.05.04 09:10:03.806,1.41604,1.41631,2.25,2.25
2011.05.04 09:10:03.915,1.41604,1.41631,1.50,2.25
2011.05.04 09:10:04.136,1.416,1.4163,1.50,1.13
2011.05.04 09:10:04.583,1.41596,1.41629,2.25,1.73
2011.05.04 09:10:04.806,1.41596,1.41624,1.50,1.13
2011.05.04 09:10:04.914,1.41593,1.41624,2.10,1.13
2011.05.04 09:10:05.026,1.4159,1.41624,2.25,1.13
2011.05.04 09:10:06.065,1.41589,1.41622,2.85,1.32
2011.05.04 09:10:06.287,1.41589,1.41616,1.35,1.13
2011.05.04 09:10:06.626,1.41585,1.41614,1.50,1.13
2011.05.04 09:10:07.724,1.41586,1.41615,1.50,1.13
2011.05.04 09:10:08.063,1.41585,1.41615,1.50,1.13
2011.05.04 09:10:08.403,1.41585,1.41615,1.50,1.13
2011.05.04 09:10:08.953,1.41584,1.41615,1.50,1.13
2011.05.04 09:10:09.173,1.41583,1.4161,2.85,1.13
2011.05.04 09:10:09.724,1.41584,1.41609,1.50,1.13
2011.05.04 09:10:09.946,1.41588,1.41613,1.35,1.13
2011.05.04 09:10:10.064,1.41589,1.41617,1.13,1.88
2011.05.04 09:10:10.505,1.41591,1.41616,1.50,1.13
2011.05.04 09:10:11.045,1.41591,1.41616,2.25,1.13
2011.05.04 09:10:11.268,1.41593,1.41616,1.50,1.13
2011.05.04 09:10:11.823,1.41595,1.41624,1.50,1.35
2011.05.04 09:10:11.935,1.41596,1.41624,1.50,1.35
2011.05.04 09:10:12.154,1.41595,1.41624,1.50,1.35
2011.05.04 09:10:12.266,1.41591,1.41624,2.25,1.35
2011.05.04 09:10:12.384,1.41591,1.41624,1.50,1.35
2011.05.04 09:10:12.715,1.4159,1.41623,1.50,1.50
2011.05.04 09:10:12.934,1.41592,1.41624,1.50,1.35
2011.05.04 09:10:13.048,1.41594,1.41624,1.13,1.35
2011.05.04 09:10:13.171,1.41602,1.41629,2.10,1.32
2011.05.04 09:10:13.726,1.41602,1.41628,1.35,1.35
2011.05.04 09:10:13.834,1.41601,1.41628,1.35,1.35
2011.05.04 09:10:13.944,1.41601,1.41628,1.35,1.35
2011.05.04 09:10:14.436,1.41603,1.41633,2.85,1.32
2011.05.04 09:10:14.772,1.41591,1.41617,1.50,1.35
2011.05.04 09:10:14.998,1.41582,1.41609,1.35,1.35
2011.05.04 09:10:15.115,1.41581,1.41609,3.60,1.35
2011.05.04 09:10:15.447,1.41582,1.41609,1.35,1.92
2011.05.04 09:10:15.675,1.4158,1.41609,1.35,1.92
2011.05.04 09:10:16.005,1.41582,1.41609,1.35,1.92
2011.05.04 09:10:16.116,1.41585,1.4161,1.35,1.13
2011.05.04 09:10:16.446,1.41585,1.41618,1.35,1.32
2011.05.04 09:10:17.372,1.41592,1.41618,1.35,1.32
2011.05.04 09:10:17.486,1.41595,1.41618,1.35,1.32
2011.05.04 09:10:17.716,1.41597,1.41626,1.50,1.50
2011.05.04 09:10:18.165,1.416,1.41626,1.35,1.13
2011.05.04 09:10:19.493,1.41601,1.41632,1.35,1.32
2011.05.04 09:10:21.206,1.41601,1.41633,2.85,1.13
2011.05.04 09:10:21.425,1.41603,1.41634,1.50,1.13
2011.05.04 09:10:21.535,1.41605,1.41633,2.25,1.13
2011.05.04 09:10:21.761,1.41613,1.41639,1.35,1.32
2011.05.04 09:10:22.096,1.4161,1.41643,6.00,1.35
2011.05.04 09:10:22.513,1.41617,1.41646,1.35,1.70
2011.05.04 09:10:22.628,1.41616,1.41646,2.10,1.13
2011.05.04 09:10:22.964,1.41612,1.41645,2.10,1.13
2011.05.04 09:10:23.405,1.41614,1.41645,1.50,1.70
2011.05.04 09:10:23.626,1.41613,1.41648,1.35,2.07
2011.05.04 09:10:23.747,1.41612,1.41648,2.10,2.07
2011.05.04 09:10:23.865,1.41612,1.41644,2.85,1.13
2011.05.04 09:10:24.194,1.41612,1.41638,1.35,1.13
2011.05.04 09:10:24.748,1.41608,1.41638,1.13,1.13
2011.05.04 09:10:25.198,1.41609,1.41636,1.88,1.50
2011.05.04 09:10:25.316,1.4161,1.41637,2.25,1.13
2011.05.04 09:10:25.994,1.41612,1.41638,1.50,1.13
2011.05.04 09:10:26.113,1.41614,1.41637,1.50,1.13
2011.05.04 09:10:26.228,1.41614,1.41637,1.50,1.13
2011.05.04 09:10:26.344,1.41614,1.41637,1.50,1.13
2011.05.04 09:10:26.675,1.41611,1.41638,1.50,1.13
2011.05.04 09:10:27.004,1.41611,1.41638,1.50,1.13
2011.05.04 09:10:27.224,1.41611,1.41638,1.50,1.13
2011.05.04 09:10:27.556,1.41611,1.41636,1.50,1.50
2011.05.04 09:10:27.664,1.41608,1.41632,1.50,1.50
2011.05.04 09:10:27.775,1.41608,1.41633,1.50,1.50
2011.05.04 09:10:27.886,1.41611,1.41633,1.50,1.50
2011.05.04 09:10:28.115,1.4161,1.41636,1.50,1.13
2011.05.04 09:10:28.224,1.4161,1.41636,1.50,1.13
2011.05.04 09:10:28.774,1.41611,1.41641,1.35,1.13
2011.05.04 09:10:29.214,1.41608,1.41635,1.50,1.13
2011.05.04 09:10:29.323,1.41606,1.41635,1.50,1.13
2011.05.04 09:10:30.093,1.41605,1.41635,2.25,1.13
2011.05.04 09:10:30.204,1.41605,1.41635,1.50,1.13
2011.05.04 09:10:30.536,1.41605,1.41636,2.25,1.13
2011.05.04 09:10:31.434,1.41614,1.41638,1.35,1.13
2011.05.04 09:10:31.546,1.41614,1.41645,2.10,1.50
2011.05.04 09:10:31.983,1.41612,1.41645,1.50,1.35
2011.05.04 09:10:32.315,1.41616,1.41642,1.35,1.13
2011.05.04 09:10:32.424,1.41617,1.41641,1.35,1.13
2011.05.04 09:10:32.643,1.41617,1.41641,2.25,1.13
2011.05.04 09:10:32.865,1.41617,1.41641,1.50,1.13
2011.05.04 09:10:33.195,1.41616,1.41642,2.10,1.13
2011.05.04 09:10:33.743,1.41616,1.41645,2.10,1.13
2011.05.04 09:10:34.345,1.41613,1.41637,3.00,1.13
2011.05.04 09:10:34.578,1.41609,1.41637,2.63,1.13
2011.05.04 09:10:35.187,1.41611,1.41637,1.50,1.13
2011.05.04 09:10:35.305,1.41614,1.41637,1.35,1.13
2011.05.04 09:10:35.414,1.41614,1.41637,1.35,1.13
2011.05.04 09:10:35.855,1.41614,1.41637,1.35,1.13
2011.05.04 09:10:38.174,1.41625,1.41637,1.50,1.13
2011.05.04 09:10:38.286,1.41628,1.41638,1.50,1.13
2011.05.04 09:10:38.616,1.4163,1.41639,1.50,1.13
2011.05.04 09:10:38.969,1.41631,1.41649,1.50,3.09
2011.05.04 09:10:39.091,1.41626,1.41654,1.35,1.50
2011.05.04 09:10:39.204,1.41626,1.41654,1.35,1.50
2011.05.04 09:10:39.424,1.41626,1.41654,1.35,1.50
2011.05.04 09:10:40.527,1.41626,1.41657,1.35,1.88
2011.05.04 09:10:40.647,1.41635,1.41657,4.50,1.13
2011.05.04 09:10:40.987,1.41647,1.41663,1.50,1.50
2011.05.04 09:10:41.217,1.41646,1.41656,1.50,1.13
2011.05.04 09:10:41.339,1.41638,1.41656,2.10,1.13
2011.05.04 09:10:41.458,1.4164,1.41662,1.35,2.25
2011.05.04 09:10:42.037,1.41641,1.41662,2.85,2.25
2011.05.04 09:10:42.479,1.41637,1.41661,1.50,1.50
2011.05.04 09:10:42.817,1.4163,1.41659,1.35,1.73
2011.05.04 09:10:42.936,1.41636,1.41659,1.35,1.13
2011.05.04 09:10:43.161,1.41633,1.41659,1.35,1.13
2011.05.04 09:10:43.497,1.41631,1.4166,3.75,1.13
2011.05.04 09:10:43.837,1.41639,1.41661,2.10,1.50
2011.05.04 09:10:44.066,1.41639,1.41661,2.10,1.50
2011.05.04 09:10:44.932,1.41636,1.41662,1.35,2.25
2011.05.04 09:10:45.814,1.41632,1.41657,1.35,1.35
2011.05.04 09:10:46.364,1.41631,1.41657,1.35,1.35
2011.05.04 09:10:46.475,1.41626,1.41653,1.50,1.13
2011.05.04 09:10:46.586,1.41625,1.41653,1.50,1.13
2011.05.04 09:10:47.464,1.41621,1.41654,2.10,1.13
2011.05.04 09:10:47.684,1.41619,1.41654,2.10,1.13
2011.05.04 09:10:48.015,1.41627,1.41654,1.35,1.13
2011.05.04 09:10:48.603,1.41624,1.41655,2.25,1.70
2011.05.04 09:10:49.294,1.41625,1.41655,2.25,1.70
2011.05.04 09:10:49.403,1.41625,1.41655,1.50,1.70
2011.05.04 09:10:49.514,1.41625,1.41655,2.25,1.70
2011.05.04 09:10:49.844,1.41623,1.41655,1.50,1.70
2011.05.04 09:10:51.014,1.41622,1.41655,1.35,1.32
2011.05.04 09:10:51.234,1.41622,1.41655,1.35,1.70
2011.05.04 09:10:51.344,1.41624,1.41654,2.25,1.32
2011.05.04 09:10:51.893,1.41625,1.41655,2.10,1.13
2011.05.04 09:10:52.226,1.41625,1.41655,1.50,1.70
2011.05.04 09:10:52.334,1.41623,1.41655,1.50,1.70
2011.05.04 09:10:52.445,1.41621,1.41655,3.60,1.70
2011.05.04 09:10:52.993,1.4162,1.4165,1.50,1.13
2011.05.04 09:10:53.574,1.4162,1.41649,1.50,1.13
2011.05.04 09:10:53.918,1.41618,1.41649,2.85,1.13
2011.05.04 09:10:54.255,1.41618,1.41648,2.10,1.50
2011.05.04 09:10:54.368,1.41616,1.41648,2.10,1.50
2011.05.04 09:10:54.813,1.41616,1.41646,1.35,1.32
2011.05.04 09:10:55.694,1.41616,1.41646,1.35,1.32
2011.05.04 09:10:56.024,1.41616,1.4165,2.10,1.70
2011.05.04 09:10:56.354,1.41616,1.41644,1.35,1.50
2011.05.04 09:10:57.456,1.4161,1.41639,1.35,1.13
2011.05.04 09:10:58.594,1.41611,1.41638,3.00,1.13
2011.05.04 09:10:59.349,1.41611,1.41638,3.00,1.13
2011.05.04 09:11:00.325,1.41614,1.41638,1.35,1.13
2011.05.04 09:11:00.874,1.41617,1.41644,1.35,1.50
2011.05.04 09:11:01.094,1.41621,1.41643,2.10,1.50
2011.05.04 09:11:01.315,1.41619,1.41643,1.50,1.50
2011.05.04 09:11:01.863,1.41618,1.41643,1.50,1.50
2011.05.04 09:11:02.083,1.41618,1.41643,1.50,1.50
2011.05.04 09:11:02.195,1.4162,1.41643,2.10,1.50
2011.05.04 09:11:02.525,1.41617,1.41643,2.10,1.50
2011.05.04 09:11:03.394,1.41616,1.41643,1.50,1.50
2011.05.04 09:11:03.617,1.41624,1.41643,2.10,1.50
2011.05.04 09:11:03.741,1.41629,1.41643,1.35,1.50
2011.05.04 09:11:03.967,1.41629,1.41643,1.35,1.50
2011.05.04 09:11:04.414,1.41633,1.41656,1.35,1.50
2011.05.04 09:11:04.964,1.41631,1.41656,1.35,1.50
2011.05.04 09:11:05.704,1.41631,1.41656,1.35,2.25
2011.05.04 09:11:05.923,1.41631,1.41656,1.35,1.50
2011.05.04 09:11:07.835,1.41633,1.41656,1.35,2.25
2011.05.04 09:11:07.946,1.4162,1.41648,2.25,1.13
2011.05.04 09:11:08.382,1.41623,1.41647,1.50,1.13
2011.05.04 09:11:08.933,1.4162,1.41647,1.50,1.13
2011.05.04 09:11:09.925,1.41619,1.41647,2.10,1.13
2011.05.04 09:11:10.364,1.4162,1.41647,1.50,1.13
2011.05.04 09:11:10.915,1.41619,1.41647,2.10,1.13
2011.05.04 09:11:11.135,1.41622,1.41647,1.50,1.13
2011.05.04 09:11:11.243,1.41619,1.41647,2.10,1.13
2011.05.04 09:11:11.354,1.41619,1.41647,1.35,1.13
2011.05.04 09:11:11.684,1.41619,1.41647,3.60,1.13
2011.05.04 09:11:12.415,1.41619,1.41647,2.85,1.13
2011.05.04 09:11:12.523,1.41619,1.41647,3.60,1.13
2011.05.04 09:11:13.877,1.41619,1.41647,3.60,1.13
2011.05.04 09:11:14.434,1.41619,1.41647,2.85,1.13
2011.05.04 09:11:16.447,1.41616,1.41647,2.25,1.13
2011.05.04 09:11:16.674,1.41613,1.41645,2.25,1.32
2011.05.04 09:11:16.784,1.41613,1.41645,5.85,1.32
2011.05.04 09:11:18.534,1.41619,1.41645,1.35,1.32
2011.05.04 09:11:18.643,1.41619,1.41645,2.10,1.32
2011.05.04 09:11:18.864,1.41619,1.41648,2.10,1.13
2011.05.04 09:11:18.973,1.41621,1.41648,1.50,1.13
2011.05.04 09:11:19.479,1.41622,1.41648,1.50,1.13
2011.05.04 09:11:19.953,1.41618,1.41646,2.10,1.50
2011.05.04 09:11:20.284,1.41617,1.41646,2.10,1.50
2011.05.04 09:11:20.725,1.41619,1.41645,1.35,1.50
2011.05.04 09:11:20.834,1.41619,1.41645,2.85,1.50
2011.05.04 09:11:21.166,1.41619,1.41646,1.35,1.50
2011.05.04 09:11:21.763,1.41616,1.41646,3.60,1.50
2011.05.04 09:11:21.984,1.41616,1.41646,3.60,1.50
2011.05.04 09:11:24.055,1.41618,1.41646,2.10,1.50
2011.05.04 09:11:25.890,1.41616,1.41646,1.35,1.50
2011.05.04 09:11:26.335,1.41619,1.41646,2.10,1.50
2011.05.04 09:11:27.653,1.41619,1.41645,2.10,1.50
2011.05.04 09:11:27.875,1.41619,1.41645,2.10,1.50
2011.05.04 09:11:28.205,1.41615,1.41645,1.50,1.50
2011.05.04 09:11:29.307,1.41616,1.41645,2.25,1.50
2011.05.04 09:11:29.825,1.41618,1.41646,2.85,1.50
2011.05.04 09:11:30.046,1.41618,1.41646,1.50,1.50
2011.05.04 09:11:30.155,1.41615,1.41646,1.50,1.50
2011.05.04 09:11:30.704,1.41618,1.41646,1.50,1.50
2011.05.04 09:11:31.624,1.41616,1.41646,1.50,1.50
2011.05.04 09:11:32.496,1.41616,1.41646,1.50,1.50
2011.05.04 09:11:32.713,1.41615,1.41646,1.50,1.50
2011.05.04 09:11:32.824,1.41615,1.41646,1.50,1.50
2011.05.04 09:11:34.186,1.41613,1.41645,1.35,1.50
2011.05.04 09:11:34.293,1.41612,1.41645,2.85,1.50
2011.05.04 09:11:34.404,1.41613,1.41642,1.35,1.13
2011.05.04 09:11:34.733,1.41615,1.41642,1.50,1.13
2011.05.04 09:11:35.854,1.41613,1.41641,2.10,1.13
2011.05.04 09:11:36.407,1.41608,1.41638,1.35,1.13
2011.05.04 09:11:36.744,1.41614,1.4164,1.35,1.50
2011.05.04 09:11:36.855,1.41614,1.41642,1.35,1.70
2011.05.04 09:11:36.964,1.41614,1.41645,1.35,1.70
2011.05.04 09:11:37.624,1.41614,1.41644,1.35,1.13
2011.05.04 09:11:37.955,1.41614,1.41642,2.25,1.70
2011.05.04 09:11:38.262,1.41609,1.41641,1.35,1.32
2011.05.04 09:11:38.484,1.41608,1.41638,1.50,2.25
2011.05.04 09:11:38.815,1.41606,1.41639,1.50,1.13
2011.05.04 09:11:38.925,1.41606,1.41637,1.50,1.13
2011.05.04 09:11:39.473,1.41607,1.41637,1.50,1.13
2011.05.04 09:11:39.804,1.4161,1.41641,1.35,1.32
2011.05.04 09:11:39.916,1.41612,1.41644,1.50,1.13
2011.05.04 09:11:42.594,1.41612,1.41644,1.50,1.13
2011.05.04 09:11:42.704,1.41614,1.41646,1.50,1.92
2011.05.04 09:11:43.254,1.41618,1.41647,1.50,1.50
2011.05.04 09:11:44.195,1.41618,1.41647,1.50,2.25
2011.05.04 09:11:44.745,1.41618,1.41645,1.50,1.13
2011.05.04 09:11:44.965,1.41618,1.41645,1.50,1.13
2011.05.04 09:11:46.344,1.41618,1.41643,1.50,1.13
2011.05.04 09:11:47.020,1.41614,1.41642,1.50,1.13
2011.05.04 09:11:48.154,1.41614,1.41643,1.50,1.13
2011.05.04 09:11:48.373,1.41614,1.41641,1.50,1.13
2011.05.04 09:11:48.945,1.41614,1.41641,1.50,1.13
2011.05.04 09:11:49.664,1.41614,1.41642,1.50,1.13
2011.05.04 09:11:52.434,1.41614,1.41643,3.00,1.13
2011.05.04 09:11:53.813,1.41617,1.41646,1.50,1.50
2011.05.04 09:11:54.145,1.41616,1.41643,1.35,1.13
2011.05.04 09:11:55.122,1.41616,1.41642,1.35,1.13
2011.05.04 09:11:56.224,1.41615,1.41642,1.35,1.13
2011.05.04 09:11:56.775,1.41616,1.41642,1.35,1.13
2011.05.04 09:11:57.683,1.41616,1.41642,1.35,1.13
2011.05.04 09:11:58.833,1.41614,1.41641,1.50,1.13
2011.05.04 09:12:01.086,1.41611,1.41642,1.50,1.88
2011.05.04 09:12:01.197,1.4161,1.41641,1.35,1.88
2011.05.04 09:12:01.647,1.41607,1.41637,1.50,1.13
2011.05.04 09:12:01.987,1.41607,1.41635,1.50,1.13
2011.05.04 09:12:02.547,1.41609,1.41636,1.50,1.13
2011.05.04 09:12:02.994,1.4161,1.41637,1.50,1.13
2011.05.04 09:12:04.914,1.4161,1.41641,1.50,1.50
2011.05.04 09:12:06.313,1.4161,1.41642,1.50,2.25
2011.05.04 09:12:06.625,1.4161,1.41642,1.50,1.50
2011.05.04 09:12:06.954,1.4161,1.41643,1.50,1.32
2011.05.04 09:12:07.747,1.4161,1.41643,1.50,2.07
2011.05.04 09:12:08.084,1.4161,1.41643,1.50,1.17
2011.05.04 09:12:08.524,1.4161,1.41641,1.50,1.35
2011.05.04 09:12:09.053,1.4161,1.41641,1.50,1.35
2011.05.04 09:12:09.913,1.4161,1.41641,1.50,2.10
2011.05.04 09:12:10.463,1.41608,1.41641,1.50,1.35
2011.05.04 09:12:10.573,1.41608,1.41641,1.50,2.10
2011.05.04 09:12:10.793,1.41608,1.41641,1.50,2.10
2011.05.04 09:12:11.114,1.41608,1.41644,2.85,1.32
2011.05.04 09:12:11.536,1.41612,1.41643,1.50,1.35
2011.05.04 09:12:11.657,1.41608,1.41641,1.50,1.35
2011.05.04 09:12:11.886,1.41608,1.41641,1.50,1.35
2011.05.04 09:12:14.774,1.41604,1.4164,3.60,1.92
2011.05.04 09:12:15.104,1.41605,1.41638,1.50,1.32
2011.05.04 09:12:15.806,1.41605,1.41638,1.50,1.32
2011.05.04 09:12:18.986,1.41604,1.4164,2.10,1.17
2011.05.04 09:12:19.204,1.41604,1.4164,4.35,1.17
2011.05.04 09:12:19.753,1.41608,1.4164,1.50,1.17
2011.05.04 09:12:19.973,1.41608,1.4164,1.50,1.17
2011.05.04 09:12:20.304,1.41604,1.4164,2.10,1.92
2011.05.04 09:12:22.874,1.41605,1.41638,1.50,1.32
2011.05.04 09:12:23.440,1.41605,1.41638,1.50,1.32
2011.05.04 09:12:24.893,1.41601,1.41636,3.00,1.17
2011.05.04 09:12:28.103,1.41602,1.41636,2.25,1.17
2011.05.04 09:12:29.258,1.41602,1.41636,2.25,1.17
2011.05.04 09:12:31.634,1.41601,1.41635,1.50,1.35
2011.05.04 09:12:31.964,1.41597,1.41632,3.00,1.17
2011.05.04 09:12:37.125,1.41597,1.41627,1.50,1.73
2011.05.04 09:12:37.455,1.41589,1.41616,2.25,1.70
2011.05.04 09:12:37.567,1.41589,1.41614,2.25,1.17
2011.05.04 09:12:37.690,1.41583,1.41612,2.25,1.35
2011.05.04 09:12:37.805,1.41583,1.4161,2.25,1.35
2011.05.04 09:12:37.918,1.4158,1.41607,2.25,3.23
2011.05.04 09:12:38.038,1.4158,1.41607,2.25,3.80
2011.05.04 09:12:38.156,1.4158,1.41601,2.25,1.73
2011.05.04 09:12:38.728,1.4158,1.41596,2.25,1.50
2011.05.04 09:12:38.857,1.41569,1.41596,1.35,1.13
2011.05.04 09:12:39.088,1.41569,1.41597,1.35,1.13
2011.05.04 09:12:39.208,1.41569,1.41601,1.35,2.63
2011.05.04 09:12:39.435,1.41569,1.41599,1.35,1.13
2011.05.04 09:12:39.546,1.41569,1.41597,1.35,1.13
2011.05.04 09:12:40.318,1.41569,1.41597,2.10,1.13
2011.05.04 09:12:40.437,1.41577,1.41602,2.85,1.50
2011.05.04 09:12:40.775,1.41578,1.41608,1.35,1.35
2011.05.04 09:12:40.886,1.41581,1.41612,1.35,2.10
2011.05.04 09:12:40.995,1.41582,1.41613,1.35,2.82
2011.05.04 09:12:41.104,1.41583,1.41613,1.50,1.50
2011.05.04 09:12:41.579,1.41588,1.4162,1.35,1.32
2011.05.04 09:12:42.468,1.41587,1.41617,1.50,1.13
2011.05.04 09:12:42.588,1.41587,1.41612,1.50,1.13
2011.05.04 09:12:42.815,1.41581,1.41608,1.50,2.10
2011.05.04 09:12:42.927,1.41576,1.41607,2.25,2.10
2011.05.04 09:12:43.267,1.41571,1.416,2.85,2.10
2011.05.04 09:12:45.558,1.41571,1.41595,2.25,2.10
2011.05.04 09:12:45.907,1.41571,1.41589,2.25,2.10
2011.05.04 09:12:46.033,1.41566,1.41589,2.25,2.10
2011.05.04 09:12:46.644,1.41563,1.41589,1.50,2.10
2011.05.04 09:12:47.083,1.41562,1.41589,1.35,2.85
2011.05.04 09:12:48.354,1.41562,1.41589,1.35,2.85
2011.05.04 09:12:50.644,1.41567,1.41591,1.35,1.13
2011.05.04 09:12:51.394,1.41567,1.41591,1.35,1.13
2011.05.04 09:12:51.924,1.41567,1.41591,1.35,1.13
2011.05.04 09:12:53.597,1.41561,1.41587,1.50,2.10
2011.05.04 09:12:53.827,1.41562,1.41588,1.35,1.35
2011.05.04 09:12:54.054,1.41562,1.41588,1.35,1.35
2011.05.04 09:12:56.366,1.41562,1.41588,1.35,1.35
2011.05.04 09:12:57.460,1.41562,1.41587,1.35,1.35
2011.05.04 09:12:57.963,1.41562,1.41588,1.35,1.35
2011.05.04 09:12:58.425,1.41562,1.41588,1.35,1.35
2011.05.04 09:12:58.758,1.41562,1.41587,1.35,1.35
2011.05.04 09:12:58.876,1.41562,1.41586,1.35,1.13
2011.05.04 09:12:58.984,1.41562,1.41587,1.35,1.35
2011.05.04 09:12:59.753,1.41557,1.41585,1.50,2.48
2011.05.04 09:13:00.085,1.41557,1.41585,1.50,2.48
2011.05.04 09:13:03.234,1.41555,1.41581,1.35,1.13
2011.05.04 09:13:03.564,1.41555,1.41582,1.35,2.10
2011.05.04 09:13:04.098,1.41555,1.41582,1.35,2.10
2011.05.04 09:13:05.683,1.41555,1.41582,1.35,2.10
2011.05.04 09:13:06.237,1.41552,1.41581,2.10,1.50
2011.05.04 09:13:06.355,1.41552,1.41582,1.35,2.07
2011.05.04 09:13:06.903,1.41552,1.41582,1.35,1.50
2011.05.04 09:13:08.419,1.41552,1.41582,1.35,1.50
2011.05.04 09:13:08.541,1.41551,1.41581,1.50,1.13
2011.05.04 09:13:08.879,1.41549,1.41578,2.25,1.32
2011.05.04 09:13:09.218,1.41554,1.41574,2.25,2.10
2011.05.04 09:13:09.556,1.41547,1.41572,1.35,2.30
2011.05.04 09:13:10.325,1.41547,1.41574,1.35,2.48
2011.05.04 09:13:12.355,1.41547,1.41574,1.35,2.48
2011.05.04 09:13:12.905,1.41547,1.41574,1.35,2.48
2011.05.04 09:13:14.384,1.41547,1.41572,1.35,2.10
2011.05.04 09:13:14.498,1.41547,1.41567,1.35,1.13
2011.05.04 09:13:14.836,1.41545,1.41574,1.50,1.13
2011.05.04 09:13:14.947,1.41542,1.41571,1.35,1.32
2011.05.04 09:13:15.065,1.41544,1.41574,1.50,1.13
2011.05.04 09:13:15.284,1.41544,1.41573,1.50,1.13
2011.05.04 09:13:17.453,1.41535,1.41571,3.60,2.10
2011.05.04 09:13:18.064,1.41535,1.41569,2.10,2.45
2011.05.04 09:13:18.394,1.41535,1.41565,2.10,1.50
2011.05.04 09:13:18.723,1.41535,1.41563,2.10,1.50
2011.05.04 09:13:19.275,1.41535,1.41563,1.35,1.50
2011.05.04 09:13:19.827,1.41529,1.4156,1.50,1.13
2011.05.04 09:13:20.054,1.41529,1.4156,1.50,1.88
2011.05.04 09:13:20.824,1.4153,1.41559,1.50,1.50
2011.05.04 09:13:20.937,1.4153,1.4156,1.50,1.88
2011.05.04 09:13:21.495,1.41529,1.41557,1.50,1.70
2011.05.04 09:13:21.826,1.41529,1.41557,1.50,1.13
2011.05.04 09:13:22.156,1.41529,1.41561,2.25,1.50
2011.05.04 09:13:22.265,1.41529,1.41563,2.25,2.48
2011.05.04 09:13:22.485,1.41529,1.41559,1.50,2.10
2011.05.04 09:13:22.596,1.41529,1.41558,1.50,1.73
2011.05.04 09:13:22.817,1.41525,1.41556,1.50,1.73
2011.05.04 09:13:23.486,1.41533,1.4156,1.35,2.48
2011.05.04 09:13:24.035,1.41538,1.41561,1.35,1.13
2011.05.04 09:13:24.612,1.41538,1.41562,1.35,1.88
2011.05.04 09:13:25.199,1.41538,1.41561,1.35,1.13
2011.05.04 09:13:26.197,1.41538,1.41561,1.35,1.13
2011.05.04 09:13:26.743,1.41536,1.41561,2.10,1.13
2011.05.04 09:13:28.074,1.41538,1.41561,1.35,1.13
2011.05.04 09:13:28.185,1.41538,1.41562,1.35,1.50
2011.05.04 09:13:28.297,1.41538,1.41564,1.35,2.10
2011.05.04 09:13:28.883,1.41539,1.41564,1.50,1.50
2011.05.04 09:13:31.985,1.41541,1.41566,1.35,1.50
2011.05.04 09:13:32.314,1.41545,1.41571,1.35,1.13
2011.05.04 09:13:33.404,1.41545,1.41572,1.35,1.13
2011.05.04 09:13:33.623,1.41544,1.41571,1.50,1.88
2011.05.04 09:13:33.846,1.41546,1.41575,1.35,1.50
2011.05.04 09:13:33.954,1.41542,1.41576,1.50,1.50
2011.05.04 09:13:34.174,1.41542,1.41574,1.50,2.25
2011.05.04 09:13:34.676,1.41542,1.41572,1.50,1.50
2011.05.04 09:13:35.113,1.41542,1.41575,1.50,4.32
2011.05.04 09:13:36.333,1.41542,1.41574,1.50,1.50
2011.05.04 09:13:37.759,1.41555,1.41575,1.50,1.32
2011.05.04 09:13:38.208,1.41567,1.41592,1.35,1.50
2011.05.04 09:13:38.333,1.4157,1.41593,2.85,1.50
2011.05.04 09:13:38.447,1.41575,1.41596,1.35,2.25
2011.05.04 09:13:38.567,1.41575,1.416,1.50,1.50
2011.05.04 09:13:38.687,1.41573,1.416,1.50,1.50
2011.05.04 09:13:38.806,1.41572,1.41602,1.50,2.25
2011.05.04 09:13:39.715,1.41568,1.41603,2.10,1.32
2011.05.04 09:13:40.046,1.41566,1.41599,1.50,1.32
2011.05.04 09:13:40.377,1.41563,1.41594,1.50,1.13
2011.05.04 09:13:40.763,1.4156,1.41592,1.50,1.13
2011.05.04 09:13:40.880,1.4156,1.41593,1.50,1.13
2011.05.04 09:13:41.655,1.41559,1.41593,1.50,2.45
2011.05.04 09:13:43.195,1.41559,1.41592,1.50,1.13
2011.05.04 09:13:43.526,1.41559,1.41592,1.50,1.13
2011.05.04 09:13:43.854,1.41559,1.41592,1.50,1.13
2011.05.04 09:13:44.184,1.41559,1.41592,1.50,1.13
2011.05.04 09:13:44.974,1.4156,1.41595,1.35,1.70
2011.05.04 09:13:45.975,1.41564,1.41598,2.25,2.07
2011.05.04 09:13:46.306,1.41565,1.41598,1.50,1.32
2011.05.04 09:13:47.013,1.41565,1.41598,1.50,1.32
2011.05.04 09:13:50.854,1.41563,1.41596,1.50,1.70
2011.05.04 09:13:51.295,1.41562,1.41596,1.50,1.70
2011.05.04 09:13:51.956,1.41562,1.41594,1.50,1.13
2011.05.04 09:13:52.750,1.41562,1.41595,1.50,1.70
2011.05.04 09:13:54.494,1.41562,1.41594,1.50,1.13
2011.05.04 09:13:54.717,1.4156,1.41583,1.50,1.35
2011.05.04 09:13:55.067,1.41555,1.41576,1.13,1.17
2011.05.04 09:13:55.185,1.41543,1.41575,2.25,1.32
2011.05.04 09:13:55.734,1.41541,1.41575,1.50,1.32
2011.05.04 09:13:55.956,1.41546,1.41575,1.35,1.70
2011.05.04 09:13:56.395,1.41546,1.41575,1.35,1.32
2011.05.04 09:13:56.615,1.41541,1.41575,1.50,1.92
2011.05.04 09:13:56.835,1.41541,1.41575,1.50,1.92
2011.05.04 09:13:57.425,1.41544,1.41575,1.35,1.32
2011.05.04 09:13:57.865,1.41544,1.41575,1.35,1.70
2011.05.04 09:13:58.203,1.41544,1.41575,1.35,2.45
2011.05.04 09:13:59.256,1.41546,1.41577,1.50,1.13
2011.05.04 09:13:59.586,1.41546,1.4158,1.50,1.32
2011.05.04 09:14:00.133,1.4155,1.41581,1.50,1.50
2011.05.04 09:14:00.464,1.41552,1.41581,1.35,1.50
2011.05.04 09:14:00.906,1.4155,1.41577,1.50,1.88
2011.05.04 09:14:01.566,1.41544,1.41578,1.35,1.13
2011.05.04 09:14:01.783,1.41544,1.41577,1.35,1.13
2011.05.04 09:14:02.228,1.41544,1.41575,1.35,1.88
2011.05.04 09:14:02.798,1.41541,1.41575,1.50,1.13
2011.05.04 09:14:03.633,1.41544,1.41575,1.50,1.13
2011.05.04 09:14:04.523,1.41545,1.41577,1.50,2.63
2011.05.04 09:14:05.037,1.41545,1.41573,1.50,1.88
2011.05.04 09:14:05.914,1.41545,1.41573,1.50,2.25
2011.05.04 09:14:06.027,1.41544,1.41567,1.50,1.88
2011.05.04 09:14:06.146,1.4154,1.41567,1.35,1.88
2011.05.04 09:14:06.364,1.4154,1.41571,1.35,1.32
2011.05.04 09:14:06.953,1.4154,1.41571,2.10,1.50
2011.05.04 09:14:07.503,1.4154,1.41572,2.10,2.25
2011.05.04 09:14:08.607,1.41555,1.41581,1.35,2.45
2011.05.04 09:14:08.947,1.41554,1.41579,1.35,1.50
2011.05.04 09:14:10.606,1.41555,1.4158,1.35,1.13
2011.05.04 09:14:11.203,1.41555,1.41581,1.35,1.13
2011.05.04 09:14:12.913,1.41555,1.41581,1.35,1.13
2011.05.04 09:14:13.686,1.41555,1.41581,1.35,1.13
2011.05.04 09:14:16.764,1.41555,1.41581,1.35,1.13
2011.05.04 09:14:17.315,1.41555,1.41581,1.35,1.88
2011.05.04 09:14:17.425,1.41554,1.4158,1.35,1.13
2011.05.04 09:14:18.213,1.41555,1.4158,1.35,1.13
2011.05.04 09:14:19.094,1.41543,1.4158,1.13,1.35
2011.05.04 09:14:19.204,1.41542,1.4158,2.85,2.10
2011.05.04 09:14:19.645,1.41546,1.41576,1.50,1.32
2011.05.04 09:14:19.975,1.41542,1.41577,1.35,2.07
2011.05.04 09:14:20.083,1.41542,1.41577,1.35,2.82
2011.05.04 09:14:20.634,1.41546,1.41576,1.50,1.32
2011.05.04 09:14:21.076,1.41548,1.4158,1.50,1.70
2011.05.04 09:14:21.793,1.41548,1.4158,1.50,1.70
2011.05.04 09:14:22.373,1.41548,1.41579,1.50,1.70
2011.05.04 09:14:22.975,1.41547,1.41579,2.10,1.70
2011.05.04 09:14:23.195,1.41542,1.41576,1.50,1.92
2011.05.04 09:14:23.745,1.4154,1.41574,1.35,1.50
2011.05.04 09:14:24.295,1.4154,1.41573,1.35,1.32
2011.05.04 09:14:24.843,1.4154,1.41573,1.35,2.82
2011.05.04 09:14:25.500,1.4154,1.41573,1.35,3.20
2011.05.04 09:14:26.053,1.4154,1.41573,1.35,3.20
2011.05.04 09:14:26.715,1.4154,1.41569,2.10,1.50
2011.05.04 09:14:27.047,1.41536,1.41567,1.50,1.50
2011.05.04 09:14:28.933,1.4154,1.41571,1.50,1.50
2011.05.04 09:14:32.078,1.4154,1.41572,1.50,1.70
2011.05.04 09:14:32.633,1.4154,1.4157,1.50,1.50
2011.05.04 09:14:34.828,1.4154,1.41569,1.50,1.50
2011.05.04 09:14:35.056,1.4154,1.41567,1.50,1.50
2011.05.04 09:14:36.944,1.41532,1.41562,1.50,4.50
2011.05.04 09:14:37.054,1.41532,1.41558,1.50,1.50
2011.05.04 09:14:37.165,1.41532,1.41564,1.50,1.13
2011.05.04 09:14:37.276,1.41526,1.41562,4.73,1.32
2011.05.04 09:14:37.494,1.41527,1.41563,1.50,1.50
2011.05.04 09:14:37.607,1.41527,1.41563,1.50,1.88
2011.05.04 09:14:38.373,1.41526,1.41562,2.10,1.32
2011.05.04 09:14:39.668,1.41526,1.41562,2.10,2.07
2011.05.04 09:14:40.113,1.41526,1.41559,1.50,1.35
2011.05.04 09:14:40.223,1.41526,1.41559,1.50,2.10
2011.05.04 09:14:40.554,1.41524,1.41555,1.50,1.35
2011.05.04 09:14:41.885,1.41524,1.41554,1.50,1.50
2011.05.04 09:14:42.105,1.41524,1.41549,1.50,1.13
2011.05.04 09:14:42.436,1.41516,1.41544,1.50,1.35
2011.05.04 09:14:42.655,1.4151,1.41544,1.50,1.92
2011.05.04 09:14:42.874,1.41512,1.41544,1.13,1.17
2011.05.04 09:14:44.964,1.41515,1.41545,1.50,1.35
2011.05.04 09:14:45.954,1.41509,1.41544,1.35,1.92
2011.05.04 09:14:48.315,1.41509,1.41543,1.35,1.32
2011.05.04 09:14:48.788,1.41508,1.4154,1.50,1.35
2011.05.04 09:14:48.912,1.41508,1.41539,1.50,1.35
2011.05.04 09:14:49.137,1.41508,1.41539,1.50,2.10
2011.05.04 09:14:49.684,1.41508,1.41539,1.50,1.35
2011.05.04 09:14:50.232,1.41508,1.41539,1.50,1.35
2011.05.04 09:14:50.345,1.41508,1.41542,1.50,1.35
2011.05.04 09:14:51.004,1.41508,1.41539,1.50,1.35
2011.05.04 09:14:51.114,1.41508,1.41539,1.50,2.10
2011.05.04 09:14:51.664,1.41506,1.41535,1.50,1.35
2011.05.04 09:14:53.534,1.41506,1.41535,1.50,1.35
2011.05.04 09:14:55.046,1.41506,1.41535,1.50,1.35
2011.05.04 09:14:55.639,1.41506,1.41537,1.50,1.35
2011.05.04 09:14:57.484,1.41506,1.41538,1.50,1.35
2011.05.04 09:14:57.598,1.41508,1.4154,1.50,1.92
2011.05.04 09:14:57.827,1.41513,1.41545,1.35,1.32
2011.05.04 09:14:58.164,1.41513,1.41547,1.35,1.50
2011.05.04 09:14:58.714,1.41516,1.41549,1.50,1.17
2011.05.04 09:14:59.464,1.41516,1.41549,1.50,1.17
2011.05.04 09:15:00.275,1.41516,1.41549,1.50,1.17
2011.05.04 09:15:00.854,1.41516,1.41549,1.50,1.17
2011.05.04 09:15:00.963,1.41516,1.41549,1.50,1.17
2011.05.04 09:15:01.494,1.41516,1.41549,1.50,1.17
2011.05.04 09:15:03.584,1.41516,1.41549,1.50,1.17
2011.05.04 09:15:05.245,1.41517,1.41547,2.25,1.50
2011.05.04 09:15:05.354,1.41517,1.41548,2.25,1.32
2011.05.04 09:15:05.466,1.41516,1.41548,1.50,1.32
2011.05.04 09:15:05.964,1.41517,1.41549,2.25,1.17
2011.05.04 09:15:06.524,1.41518,1.41552,1.50,1.35
2011.05.04 09:15:06.964,1.41519,1.41554,1.35,1.92
2011.05.04 09:15:07.733,1.41519,1.41554,1.35,1.92
2011.05.04 09:15:08.394,1.41519,1.41554,1.35,1.17
2011.05.04 09:15:08.724,1.41522,1.41555,2.10,2.07
2011.05.04 09:15:08.944,1.41522,1.41555,2.10,1.32
2011.05.04 09:15:11.864,1.41522,1.41558,2.10,2.07
2011.05.04 09:15:12.195,1.41525,1.41559,1.50,2.07
2011.05.04 09:15:13.315,1.41529,1.41562,1.50,2.07
2011.05.04 09:15:16.307,1.41529,1.41562,1.50,2.07
2011.05.04 09:15:16.754,1.41529,1.41564,2.25,2.07
2011.05.04 09:15:17.306,1.41535,1.41566,1.50,1.35
2011.05.04 09:15:17.965,1.41535,1.41568,1.35,1.32
2011.05.04 09:15:18.075,1.41536,1.41569,1.50,1.32
2011.05.04 09:15:18.297,1.41534,1.4156,1.50,2.25
2011.05.04 09:15:18.845,1.4153,1.41561,1.50,2.25
2011.05.04 09:15:19.067,1.4153,1.41559,1.50,2.85
2011.05.04 09:15:19.295,1.4153,1.41557,1.50,1.50
2011.05.04 09:15:19.857,1.4153,1.41558,1.50,1.50
2011.05.04 09:15:20.221,1.4153,1.4156,1.50,2.25
2011.05.04 09:15:20.777,1.41533,1.41564,1.50,2.85
2011.05.04 09:15:21.226,1.41535,1.41568,1.35,1.32
2011.05.04 09:15:21.774,1.4154,1.4157,1.35,2.07
2011.05.04 09:15:21.885,1.4154,1.41571,1.35,1.50
2011.05.04 09:15:22.766,1.4154,1.41572,1.35,1.32
2011.05.04 09:15:24.217,1.4154,1.41572,1.35,1.32
2011.05.04 09:15:24.554,1.41541,1.41574,1.50,1.32
2011.05.04 09:15:26.174,1.4154,1.4157,1.35,1.32
2011.05.04 09:15:27.465,1.41538,1.4157,1.50,1.92
2011.05.04 09:15:28.016,1.41534,1.41566,1.35,1.32
2011.05.04 09:15:28.237,1.41533,1.41563,1.50,1.32
2011.05.04 09:15:28.578,1.41528,1.41561,1.50,1.17
2011.05.04 09:15:28.805,1.41524,1.41556,1.50,1.13
2011.05.04 09:15:28.916,1.41523,1.41554,1.35,1.32
2011.05.04 09:15:29.027,1.41519,1.41551,1.50,1.32
2011.05.04 09:15:29.255,1.41516,1.41548,1.35,1.50
2011.05.04 09:15:29.475,1.41513,1.41547,1.50,1.32
2011.05.04 09:15:30.234,1.41513,1.41547,1.50,1.32
2011.05.04 09:15:30.838,1.41513,1.41548,1.50,1.92
2011.05.04 09:15:33.084,1.41513,1.41547,1.50,2.07
2011.05.04 09:15:33.708,1.41513,1.41535,1.50,1.50
2011.05.04 09:15:33.825,1.41505,1.41542,2.25,2.07
2011.05.04 09:15:34.019,1.41505,1.41541,2.25,2.07
2011.05.04 09:15:34.142,1.41504,1.41541,1.88,2.82
2011.05.04 09:15:34.695,1.41504,1.41541,1.50,2.82
2011.05.04 09:15:34.914,1.41504,1.4154,1.50,1.50
2011.05.04 09:15:35.247,1.41501,1.41537,1.50,1.32
2011.05.04 09:15:35.367,1.415,1.41537,2.25,1.32
2011.05.04 09:15:35.856,1.415,1.41537,1.50,1.32
2011.05.04 09:15:36.514,1.415,1.41535,1.50,2.07
2011.05.04 09:15:36.845,1.41505,1.41535,1.50,1.32
2011.05.04 09:15:37.394,1.41505,1.41535,1.50,1.32
2011.05.04 09:15:37.955,1.41499,1.41534,1.50,1.32
2011.05.04 09:15:38.284,1.41499,1.41535,1.50,2.82
2011.05.04 09:15:39.934,1.41499,1.41535,1.50,3.20
2011.05.04 09:15:42.554,1.41499,1.41531,1.50,1.13
2011.05.04 09:15:42.844,1.41499,1.41531,1.50,1.13
2011.05.04 09:15:44.149,1.41501,1.41531,1.50,1.88
2011.05.04 09:15:44.593,1.41503,1.41526,1.50,1.13
2011.05.04 09:15:44.705,1.41503,1.41527,1.50,1.13
2011.05.04 09:15:45.257,1.41503,1.41529,1.50,1.50
2011.05.04 09:15:45.367,1.41503,1.41531,1.50,1.13
2011.05.04 09:15:45.487,1.41503,1.41531,1.50,1.13
2011.05.04 09:15:46.055,1.41505,1.41531,1.50,1.13
2011.05.04 09:15:47.343,1.41505,1.41537,1.50,2.25
2011.05.04 09:15:48.724,1.41506,1.41541,1.50,1.70
2011.05.04 09:15:51.374,1.41512,1.41541,1.50,2.45
2011.05.04 09:15:51.926,1.41512,1.41544,2.25,1.50
2011.05.04 09:15:52.255,1.41517,1.41546,2.10,1.50
2011.05.04 09:15:52.476,1.41517,1.41549,1.35,1.88
2011.05.04 09:15:53.024,1.41517,1.41549,2.10,3.38
2011.05.04 09:15:54.391,1.41517,1.41549,2.10,1.88
2011.05.04 09:15:55.184,1.41517,1.41548,2.10,1.13
2011.05.04 09:15:55.404,1.41517,1.41546,2.10,2.25
2011.05.04 09:15:55.626,1.41519,1.41546,2.25,2.63
2011.05.04 09:15:57.086,1.41521,1.41546,1.50,1.13
2011.05.04 09:15:57.305,1.41518,1.41546,2.63,1.88
2011.05.04 09:15:57.854,1.41521,1.41546,1.50,1.88
2011.05.04 09:16:00.842,1.41523,1.41546,1.50,1.50
2011.05.04 09:16:02.176,1.41524,1.41546,1.50,1.50
2011.05.04 09:16:02.725,1.41523,1.41547,1.50,2.63
2011.05.04 09:16:05.863,1.41523,1.41547,1.50,2.25
2011.05.04 09:16:06.444,1.41523,1.41546,1.50,1.50
2011.05.04 09:16:07.344,1.41523,1.41547,1.50,2.25
2011.05.04 09:16:08.845,1.41524,1.41546,1.50,1.50
2011.05.04 09:16:09.066,1.41523,1.41546,1.50,1.50
2011.05.04 09:16:09.175,1.41524,1.41547,1.50,2.25
2011.05.04 09:16:09.286,1.41523,1.41547,2.25,1.50
2011.05.04 09:16:09.398,1.41523,1.41546,1.50,1.50
2011.05.04 09:16:10.118,1.41524,1.41547,1.50,1.50
2011.05.04 09:16:10.374,1.41523,1.41548,1.50,1.13
2011.05.04 09:16:12.155,1.41524,1.41551,1.88,2.63
2011.05.04 09:16:12.264,1.41525,1.41551,1.50,2.63
2011.05.04 09:16:14.605,1.41525,1.41551,1.88,2.63
2011.05.04 09:16:15.058,1.4153,1.41551,1.50,2.63
2011.05.04 09:16:15.837,1.4153,1.41551,1.50,1.50
2011.05.04 09:16:16.434,1.41526,1.41551,1.50,3.38
2011.05.04 09:16:16.543,1.41526,1.41551,1.50,3.38
2011.05.04 09:16:17.044,1.41526,1.41551,1.50,1.88
2011.05.04 09:16:19.115,1.41526,1.41547,1.50,1.13
2011.05.04 09:16:19.224,1.41524,1.41548,1.13,1.13
2011.05.04 09:16:19.335,1.41524,1.41547,1.13,1.50
2011.05.04 09:16:19.896,1.41522,1.41548,1.50,1.13
2011.05.04 09:16:20.688,1.41524,1.41548,1.50,1.13
2011.05.04 09:16:22.413,1.41524,1.41548,1.50,1.50
2011.05.04 09:16:22.748,1.41513,1.41538,1.50,1.35
2011.05.04 09:16:23.087,1.41509,1.41534,1.50,1.50
2011.05.04 09:16:23.305,1.41507,1.41531,1.50,1.13
2011.05.04 09:16:23.854,1.41507,1.41531,1.50,1.50
2011.05.04 09:16:24.316,1.41507,1.41531,1.50,1.50
2011.05.04 09:16:24.535,1.41507,1.41532,1.50,1.13
2011.05.04 09:16:24.868,1.41507,1.41532,1.50,1.73
2011.05.04 09:16:25.407,1.41509,1.41536,1.50,2.25
2011.05.04 09:16:25.531,1.41514,1.41536,1.50,1.50
2011.05.04 09:16:25.868,1.41514,1.41537,1.88,1.50
2011.05.04 09:16:26.208,1.41515,1.41538,1.88,1.88
2011.05.04 09:16:26.545,1.41517,1.41538,1.50,1.50
2011.05.04 09:16:26.764,1.41517,1.41538,1.50,1.50
2011.05.04 09:16:27.406,1.41514,1.41538,1.50,1.50
2011.05.04 09:16:27.628,1.41514,1.41538,1.50,1.50
2011.05.04 09:16:27.855,1.41514,1.41538,1.50,1.50
2011.05.04 09:16:27.965,1.41514,1.41538,1.50,1.50
2011.05.04 09:16:28.514,1.41513,1.41538,1.50,1.50
2011.05.04 09:16:29.971,1.41511,1.41537,1.50,1.13
2011.05.04 09:16:30.645,1.41512,1.41536,1.50,1.13
2011.05.04 09:16:30.754,1.41513,1.41536,1.50,1.13
2011.05.04 09:16:31.203,1.41515,1.41537,1.50,1.13
2011.05.04 09:16:32.947,1.41515,1.41546,1.50,1.88
2011.05.04 09:16:33.166,1.41517,1.41546,1.50,1.13
2011.05.04 09:16:34.266,1.41517,1.41546,1.50,1.13
2011.05.04 09:16:37.507,1.41517,1.41544,1.50,1.13
2011.05.04 09:16:42.964,1.41517,1.41544,1.50,2.63
2011.05.04 09:16:50.424,1.41517,1.41546,1.50,1.88
2011.05.04 09:16:51.554,1.41517,1.41544,1.50,1.13
2011.05.04 09:16:51.775,1.41517,1.41544,1.50,1.13
2011.05.04 09:16:52.324,1.41517,1.41546,1.50,1.88
2011.05.04 09:16:52.547,1.41517,1.41546,1.50,1.13
2011.05.04 09:16:52.886,1.41517,1.41543,1.50,1.73
2011.05.04 09:16:53.436,1.41515,1.41547,1.88,2.30
2011.05.04 09:16:53.769,1.41515,1.41545,2.25,1.13
2011.05.04 09:16:53.999,1.41515,1.41545,2.25,1.13
2011.05.04 09:16:54.934,1.41517,1.41545,1.50,1.13
2011.05.04 09:16:55.694,1.41517,1.41545,1.50,1.13
2011.05.04 09:16:56.024,1.41515,1.41547,1.50,1.70
2011.05.04 09:16:56.396,1.41513,1.41546,1.35,1.13
2011.05.04 09:16:57.344,1.41513,1.41548,1.35,1.70
2011.05.04 09:16:57.787,1.41519,1.4155,1.35,1.32
2011.05.04 09:16:58.014,1.41519,1.41554,1.35,2.63
2011.05.04 09:16:58.785,1.41521,1.41555,1.50,2.30
2011.05.04 09:16:59.335,1.41521,1.41555,1.50,1.92
2011.05.04 09:17:00.814,1.41523,1.41555,1.50,1.32
2011.05.04 09:17:01.255,1.41524,1.41557,1.50,1.70
2011.05.04 09:17:01.583,1.41524,1.41557,1.50,1.70
2011.05.04 09:17:04.124,1.41524,1.41557,1.50,1.70
2011.05.04 09:17:05.602,1.41528,1.41558,1.50,1.13
2011.05.04 09:17:06.555,1.41528,1.41561,1.50,1.32
2011.05.04 09:17:07.308,1.41531,1.41557,1.50,1.13
2011.05.04 09:17:10.114,1.41531,1.41556,1.50,1.88
2011.05.04 09:17:10.226,1.41528,1.41555,1.50,1.50
2011.05.04 09:17:11.243,1.41528,1.41555,1.50,1.50
2011.05.04 09:17:12.377,1.41528,1.41556,1.50,2.25
2011.05.04 09:17:12.485,1.41526,1.41556,1.50,2.25
2011.05.04 09:17:12.704,1.41524,1.41556,1.50,3.00
2011.05.04 09:17:15.990,1.41525,1.41554,1.50,1.13
2011.05.04 09:17:16.654,1.41526,1.41554,2.25,1.13
2011.05.04 09:17:17.205,1.41527,1.41554,1.88,1.13
2011.05.04 09:17:17.535,1.41529,1.41556,1.88,1.50
2011.05.04 09:17:17.646,1.41529,1.41556,2.25,1.50
2011.05.04 09:17:18.306,1.41529,1.41556,2.63,1.50
2011.05.04 09:17:20.664,1.41526,1.41548,1.50,1.13
2011.05.04 09:17:25.074,1.41527,1.41552,1.50,1.50
2011.05.04 09:17:25.664,1.41524,1.41548,2.25,1.13
2011.05.04 09:17:28.914,1.41524,1.41548,2.25,1.13
2011.05.04 09:17:30.456,1.41524,1.41548,1.50,1.13
2011.05.04 09:17:30.676,1.4152,1.41547,2.10,1.13
2011.05.04 09:17:31.114,1.4152,1.41551,2.10,2.25
2011.05.04 09:17:36.254,1.4152,1.4155,1.50,1.13
2011.05.04 09:17:36.804,1.4152,1.41551,1.50,1.50
2011.05.04 09:17:39.873,1.4152,1.41548,1.50,1.13
2011.05.04 09:17:40.515,1.4152,1.4155,1.50,1.13
2011.05.04 09:17:41.079,1.4152,1.41546,1.50,1.13
2011.05.04 09:17:42.074,1.4152,1.41546,1.50,1.13
2011.05.04 09:17:42.294,1.4152,1.41547,1.50,1.13
2011.05.04 09:17:42.404,1.4152,1.41546,1.50,1.13
2011.05.04 09:17:42.969,1.4152,1.41546,1.50,1.13
2011.05.04 09:17:43.764,1.4152,1.41546,1.50,1.13
2011.05.04 09:17:44.314,1.41523,1.41546,1.50,1.13
2011.05.04 09:17:46.798,1.41528,1.41552,1.50,1.50
2011.05.04 09:17:46.906,1.41528,1.41552,1.50,1.13
2011.05.04 09:17:47.346,1.41529,1.41553,1.50,1.13
2011.05.04 09:17:47.564,1.41527,1.41553,1.13,1.73
2011.05.04 09:17:50.416,1.41526,1.41554,1.50,1.13
2011.05.04 09:17:50.525,1.41526,1.41556,1.50,1.13
2011.05.04 09:17:50.636,1.41526,1.41556,1.50,1.13
2011.05.04 09:17:51.076,1.41529,1.41557,1.88,1.50
2011.05.04 09:17:52.014,1.41531,1.41557,2.25,1.50
2011.05.04 09:17:52.644,1.4153,1.41557,2.25,1.50
2011.05.04 09:17:54.798,1.4153,1.41557,1.50,1.50
2011.05.04 09:17:55.140,1.41518,1.41542,1.50,1.50
2011.05.04 09:17:55.257,1.41516,1.41542,1.50,1.50
2011.05.04 09:17:55.367,1.41515,1.4154,1.50,1.13
2011.05.04 09:17:55.704,1.41515,1.4154,1.50,1.13
2011.05.04 09:17:56.425,1.41515,1.4154,1.50,1.13
2011.05.04 09:17:57.987,1.41515,1.4154,1.50,1.13
2011.05.04 09:17:58.207,1.41515,1.41542,1.50,1.13
2011.05.04 09:17:58.328,1.41516,1.41542,1.50,1.13
2011.05.04 09:17:58.665,1.41516,1.4154,1.50,1.13
2011.05.04 09:17:58.994,1.41516,1.41542,1.50,2.25
2011.05.04 09:17:59.104,1.41516,1.41542,1.50,2.25
2011.05.04 09:18:02.272,1.41512,1.4154,1.50,1.13
2011.05.04 09:18:02.865,1.41512,1.41538,1.50,1.13
2011.05.04 09:18:03.304,1.41508,1.41538,1.50,1.13
2011.05.04 09:18:03.986,1.41508,1.41538,1.50,1.13
2011.05.04 09:18:04.316,1.41508,1.41537,1.50,1.13
2011.05.04 09:18:04.430,1.41508,1.41532,1.50,1.35
2011.05.04 09:18:04.776,1.41502,1.41525,1.50,1.35
2011.05.04 09:18:04.887,1.41499,1.41524,1.50,1.13
2011.05.04 09:18:05.226,1.41499,1.41527,1.50,1.50
2011.05.04 09:18:05.334,1.41499,1.41529,1.50,1.13
2011.05.04 09:18:05.444,1.41499,1.41531,1.50,2.48
2011.05.04 09:18:06.105,1.41499,1.41531,1.50,1.73
2011.05.04 09:18:06.325,1.41499,1.41532,2.10,1.70
2011.05.04 09:18:06.984,1.41499,1.41535,2.10,1.92
2011.05.04 09:18:08.074,1.41499,1.41535,3.60,2.67
2011.05.04 09:18:08.733,1.41499,1.41532,2.10,1.32
2011.05.04 09:18:09.547,1.41499,1.41532,2.10,1.32
2011.05.04 09:18:09.763,1.41499,1.41532,2.10,1.32
2011.05.04 09:18:09.984,1.41499,1.41532,2.10,1.32
2011.05.04 09:18:11.625,1.41499,1.41534,2.10,1.32
2011.05.04 09:18:12.175,1.41499,1.41532,2.10,2.07
2011.05.04 09:18:14.755,1.41499,1.41533,2.10,1.32
2011.05.04 09:18:15.574,1.41499,1.41532,3.60,1.32
2011.05.04 09:18:17.038,1.41507,1.41534,1.50,1.50
2011.05.04 09:18:17.160,1.41508,1.41538,1.50,1.50
2011.05.04 09:18:17.389,1.41513,1.41542,1.50,1.50
2011.05.04 09:18:17.731,1.41519,1.4154,2.25,1.50
2011.05.04 09:18:17.847,1.41524,1.41554,1.50,1.32
2011.05.04 09:18:18.189,1.41532,1.41563,1.50,1.50
2011.05.04 09:18:18.797,1.41531,1.41557,1.50,1.50
2011.05.04 09:18:19.361,1.41529,1.41562,1.50,1.32
2011.05.04 09:18:20.137,1.41524,1.41558,1.50,1.32
2011.05.04 09:18:20.467,1.41522,1.41555,1.50,1.35
2011.05.04 09:18:21.014,1.41522,1.41554,1.50,1.32
2011.05.04 09:18:21.734,1.41522,1.41554,1.50,1.32
2011.05.04 09:18:22.173,1.41521,1.41554,1.50,1.32
2011.05.04 09:18:23.705,1.41521,1.41553,1.50,1.50
2011.05.04 09:18:24.398,1.41518,1.41552,1.50,1.32
2011.05.04 09:18:26.884,1.41518,1.41552,1.50,1.32
2011.05.04 09:18:26.996,1.41518,1.41552,1.50,2.07
2011.05.04 09:18:27.216,1.41518,1.4155,1.50,1.50
2011.05.04 09:18:27.435,1.41518,1.4155,1.50,1.50
2011.05.04 09:18:28.496,1.41517,1.41552,1.35,2.07
2011.05.04 09:18:28.934,1.41523,1.41555,1.13,1.92
2011.05.04 09:18:29.266,1.41526,1.41559,1.35,2.82
2011.05.04 09:18:29.375,1.41526,1.41561,2.10,3.00
2011.05.04 09:18:30.254,1.41526,1.41559,1.35,1.32
2011.05.04 09:18:31.636,1.41525,1.41556,1.50,1.50
2011.05.04 09:18:32.113,1.41517,1.41543,1.13,1.50
2011.05.04 09:18:32.231,1.41514,1.41543,1.13,1.50
2011.05.04 09:18:32.569,1.4151,1.4154,1.35,1.32
2011.05.04 09:18:32.688,1.4151,1.4154,1.35,1.32
2011.05.04 09:18:32.915,1.41507,1.4154,3.00,1.32
2011.05.04 09:18:35.304,1.41507,1.4154,1.50,1.32
2011.05.04 09:18:36.276,1.41507,1.4154,1.50,1.32
2011.05.04 09:18:36.387,1.4151,1.41541,1.13,1.32
2011.05.04 09:18:36.608,1.41511,1.41547,2.10,1.32
2011.05.04 09:18:36.727,1.41514,1.41547,1.50,1.32
2011.05.04 09:18:36.837,1.41514,1.41549,2.25,2.07
2011.05.04 09:18:37.247,1.41516,1.41549,1.50,1.50
2011.05.04 09:18:37.574,1.41516,1.4155,1.50,1.32
2011.05.04 09:18:38.126,1.41522,1.41555,1.50,1.32
2011.05.04 09:18:39.325,1.41522,1.41555,1.50,1.32
2011.05.04 09:18:44.268,1.4152,1.41555,2.10,1.32
2011.05.04 09:18:44.495,1.4152,1.41555,2.10,1.32
2011.05.04 09:18:46.965,1.41521,1.41555,1.50,2.07
2011.05.04 09:18:47.297,1.41525,1.41558,1.50,2.30
2011.05.04 09:18:48.385,1.41525,1.41558,1.50,1.92
2011.05.04 09:18:51.113,1.41525,1.41558,1.50,1.92
2011.05.04 09:18:56.725,1.41525,1.41558,1.50,1.92
2011.05.04 09:18:58.855,1.41525,1.41558,2.25,1.17
2011.05.04 09:19:00.577,1.41533,1.41561,2.10,1.50
2011.05.04 09:19:00.800,1.41535,1.41568,1.50,1.35
2011.05.04 09:19:01.028,1.41536,1.4157,2.10,1.32
2011.05.04 09:19:01.146,1.41536,1.4157,2.48,1.32
2011.05.04 09:19:01.256,1.41538,1.41571,1.50,3.00
2011.05.04 09:19:02.515,1.41545,1.41576,2.25,1.32
2011.05.04 09:19:03.680,1.41545,1.41576,2.25,1.32
2011.05.04 09:19:04.236,1.41549,1.41579,1.50,1.32
2011.05.04 09:19:04.457,1.41548,1.41576,1.73,1.32
2011.05.04 09:19:05.005,1.41547,1.41578,1.50,1.35
2011.05.04 09:19:05.224,1.41545,1.41578,1.50,1.35
2011.05.04 09:19:05.594,1.41546,1.41579,1.50,1.35
2011.05.04 09:19:05.924,1.41546,1.41578,1.50,1.92
2011.05.04 09:19:06.364,1.41546,1.41578,1.50,1.35
2011.05.04 09:19:07.466,1.41547,1.41582,2.10,1.35
2011.05.04 09:19:07.795,1.4155,1.41582,1.50,1.35
2011.05.04 09:19:08.327,1.4155,1.41582,1.50,1.35
2011.05.04 09:19:09.505,1.4155,1.41582,1.50,1.35
2011.05.04 09:19:10.055,1.41548,1.41581,2.25,1.50
2011.05.04 09:19:10.165,1.41548,1.41581,1.50,1.50
2011.05.04 09:19:10.386,1.41546,1.41579,1.50,1.32
2011.05.04 09:19:11.255,1.41545,1.41579,1.50,2.82
2011.05.04 09:19:12.172,1.41542,1.41577,2.25,1.32
2011.05.04 09:19:13.046,1.41542,1.41576,1.50,1.13
2011.05.04 09:19:13.377,1.41538,1.41573,2.10,1.92
2011.05.04 09:19:15.975,1.41541,1.41573,1.50,1.92
2011.05.04 09:19:16.523,1.41541,1.41573,1.50,1.92
2011.05.04 09:19:18.464,1.41541,1.41573,1.50,1.92
2011.05.04 09:19:18.794,1.41542,1.41573,1.50,1.35
2011.05.04 09:19:22.187,1.41539,1.41571,1.50,1.50
2011.05.04 09:19:22.415,1.41539,1.41571,1.50,1.50
2011.05.04 09:19:22.635,1.41539,1.41573,1.50,1.32
2011.05.04 09:19:23.271,1.41539,1.41573,1.50,1.32
2011.05.04 09:19:24.257,1.41539,1.41571,1.50,1.50
2011.05.04 09:19:24.936,1.41539,1.41573,1.50,2.82
2011.05.04 09:19:25.286,1.41539,1.41573,1.50,2.82
2011.05.04 09:19:26.417,1.41539,1.41573,1.50,1.32
2011.05.04 09:19:26.645,1.41542,1.41574,1.50,1.35
2011.05.04 09:19:27.635,1.41541,1.41574,2.25,1.35
2011.05.04 09:19:27.854,1.41542,1.41574,1.50,1.35
2011.05.04 09:19:28.075,1.41543,1.41577,1.35,1.32
2011.05.04 09:19:29.920,1.41542,1.41572,1.35,1.50
2011.05.04 09:19:30.040,1.41539,1.41571,1.35,1.32
2011.05.04 09:19:30.155,1.41541,1.41571,1.35,1.32
2011.05.04 09:19:30.704,1.4154,1.41571,1.35,1.32
2011.05.04 09:19:32.524,1.4154,1.41571,1.35,1.32
2011.05.04 09:19:33.305,1.41539,1.41571,1.50,1.92
2011.05.04 09:19:33.747,1.41537,1.41571,3.00,1.92
2011.05.04 09:19:34.088,1.41544,1.41575,1.50,1.32
2011.05.04 09:19:34.208,1.41549,1.41579,1.35,2.82
2011.05.04 09:19:34.434,1.41549,1.41579,1.35,2.25
2011.05.04 09:19:35.024,1.41552,1.41581,1.50,2.25
2011.05.04 09:19:35.795,1.41552,1.41587,1.50,1.92
2011.05.04 09:19:38.644,1.41552,1.41587,1.50,1.92
2011.05.04 09:19:41.274,1.41552,1.41587,1.50,1.92
2011.05.04 09:19:43.274,1.41552,1.41587,1.50,1.92
2011.05.04 09:19:43.824,1.41552,1.41587,1.50,1.92
2011.05.04 09:19:44.044,1.41552,1.41587,1.50,1.92
2011.05.04 09:19:45.615,1.41552,1.41587,2.25,1.92
2011.05.04 09:19:46.298,1.41552,1.41587,1.50,1.92
2011.05.04 09:19:53.754,1.41552,1.41587,2.25,1.92
2011.05.04 09:19:53.975,1.41555,1.41587,1.35,1.32
2011.05.04 09:19:54.197,1.41558,1.41591,2.85,1.32
2011.05.04 09:19:54.525,1.4156,1.41595,2.10,2.82
2011.05.04 09:19:56.056,1.41563,1.41594,1.50,1.32
2011.05.04 09:19:56.635,1.41563,1.41594,1.50,1.32
2011.05.04 09:19:58.165,1.41565,1.41594,1.35,1.32
2011.05.04 09:20:00.214,1.41565,1.416,2.10,1.32
2011.05.04 09:20:00.873,1.41565,1.416,1.35,1.32
2011.05.04 09:20:01.177,1.41565,1.416,2.10,2.07
2011.05.04 09:20:01.648,1.41567,1.416,1.50,1.32
2011.05.04 09:20:01.875,1.41566,1.416,1.50,2.07
2011.05.04 09:20:02.095,1.41565,1.416,1.35,2.82
2011.05.04 09:20:02.432,1.41566,1.416,1.35,4.32
2011.05.04 09:20:02.549,1.4157,1.416,1.35,1.32
2011.05.04 09:20:03.658,1.41569,1.41603,1.35,1.32
2011.05.04 09:20:05.095,1.4157,1.41603,1.35,1.32
2011.05.04 09:20:05.535,1.4157,1.41603,1.35,1.32
2011.05.04 09:20:06.084,1.41571,1.41603,1.50,1.32
2011.05.04 09:20:06.527,1.4157,1.41603,1.35,1.32
2011.05.04 09:20:06.744,1.4157,1.41603,1.35,1.32
2011.05.04 09:20:07.725,1.4157,1.41603,1.35,1.32
2011.05.04 09:20:08.384,1.4157,1.41603,2.10,1.32
2011.05.04 09:20:10.044,1.4157,1.41603,1.35,1.32
2011.05.04 09:20:10.377,1.41567,1.416,1.50,1.32
2011.05.04 09:20:11.615,1.41566,1.416,1.50,1.32
2011.05.04 09:20:12.196,1.41567,1.416,1.50,1.32
2011.05.04 09:20:14.274,1.41567,1.416,1.50,1.32
2011.05.04 09:20:15.325,1.41568,1.416,1.50,1.32
2011.05.04 09:20:15.435,1.41569,1.416,2.10,1.32
2011.05.04 09:20:16.088,1.41569,1.416,2.10,1.32
2011.05.04 09:20:16.208,1.41572,1.416,1.35,1.32
2011.05.04 09:20:16.437,1.41575,1.41608,1.35,1.32
2011.05.04 09:20:16.767,1.41577,1.41611,1.50,1.92
2011.05.04 09:20:16.876,1.41577,1.41611,2.25,1.92
2011.05.04 09:20:18.794,1.41577,1.41611,1.50,1.92
2011.05.04 09:20:19.124,1.41579,1.41611,1.50,1.92
2011.05.04 09:20:20.324,1.41577,1.41611,1.50,1.92
2011.05.04 09:20:21.094,1.41575,1.41611,1.35,4.92
2011.05.04 09:20:21.457,1.41579,1.41611,1.35,3.57
2011.05.04 09:20:22.004,1.4158,1.41615,1.50,2.07
2011.05.04 09:20:22.596,1.41578,1.41612,2.10,2.07
2011.05.04 09:20:23.136,1.41577,1.41609,2.25,1.35
2011.05.04 09:20:23.684,1.41576,1.41608,1.50,1.32
2011.05.04 09:20:27.285,1.41577,1.41609,2.25,1.35
2011.05.04 09:20:28.265,1.41578,1.41613,2.25,1.32
2011.05.04 09:20:28.595,1.41577,1.41613,2.85,1.32
2011.05.04 09:20:28.816,1.41578,1.41609,1.50,2.10
2011.05.04 09:20:29.035,1.41578,1.41609,1.50,2.10
2011.05.04 09:20:29.805,1.41576,1.41609,1.50,1.92
2011.05.04 09:20:31.336,1.41578,1.4161,1.50,1.50
2011.05.04 09:20:31.452,1.41578,1.4161,2.25,1.50
2011.05.04 09:20:31.568,1.41578,1.41613,2.25,1.32
2011.05.04 09:20:31.689,1.41583,1.41616,1.50,1.32
2011.05.04 09:20:32.055,1.41583,1.41616,1.50,1.32
2011.05.04 09:20:32.606,1.41583,1.41616,1.50,1.32
2011.05.04 09:20:33.835,1.41583,1.41616,1.50,1.32
2011.05.04 09:20:34.055,1.41583,1.41616,1.50,1.32
2011.05.04 09:20:35.045,1.41586,1.41619,1.50,1.32
2011.05.04 09:20:38.375,1.41585,1.41617,1.35,1.32
2011.05.04 09:20:38.925,1.41586,1.41617,1.50,1.32
2011.05.04 09:20:41.618,1.41584,1.41617,2.25,1.32
2011.05.04 09:20:41.846,1.41582,1.41615,1.50,1.50
2011.05.04 09:20:42.070,1.41582,1.4161,1.50,1.50
2011.05.04 09:20:42.408,1.41578,1.41607,1.50,2.25
2011.05.04 09:20:42.953,1.41577,1.41607,1.50,1.50
2011.05.04 09:20:43.866,1.41578,1.41607,1.50,2.25
2011.05.04 09:20:44.085,1.41578,1.41607,1.50,2.25
2011.05.04 09:20:45.357,1.41578,1.41607,1.50,1.50
2011.05.04 09:20:46.126,1.41575,1.41606,1.50,1.50
2011.05.04 09:20:46.566,1.41575,1.41608,1.50,1.35
2011.05.04 09:20:46.787,1.41575,1.41605,1.50,1.50
2011.05.04 09:20:47.336,1.41577,1.41608,1.50,1.35
2011.05.04 09:20:47.777,1.41577,1.4161,1.50,1.92
2011.05.04 09:20:48.242,1.41578,1.41608,1.50,1.35
2011.05.04 09:20:48.406,1.41578,1.41608,1.50,1.35
2011.05.04 09:20:48.736,1.41578,1.41611,1.50,1.35
2011.05.04 09:20:50.095,1.41578,1.41611,1.50,1.35
2011.05.04 09:20:50.318,1.41581,1.41612,1.50,1.32
2011.05.04 09:20:50.866,1.41583,1.41613,1.50,1.35
2011.05.04 09:20:51.196,1.41588,1.41614,1.50,1.35
2011.05.04 09:20:51.418,1.41588,1.41619,1.50,2.25
2011.05.04 09:20:54.535,1.41588,1.41618,1.50,1.35
2011.05.04 09:20:55.448,1.41588,1.4162,2.25,1.35
2011.05.04 09:20:56.315,1.41591,1.41622,1.50,2.10
2011.05.04 09:20:56.425,1.41591,1.41622,1.50,1.35
2011.05.04 09:20:56.759,1.41591,1.41621,1.50,1.50
2011.05.04 09:20:57.204,1.41591,1.41621,1.50,1.50
2011.05.04 09:20:57.315,1.41591,1.4162,1.50,1.50
2011.05.04 09:21:01.015,1.41591,1.41621,1.50,1.50
2011.05.04 09:21:01.125,1.41591,1.41621,1.50,1.50
2011.05.04 09:21:05.195,1.41591,1.41621,1.50,1.50
2011.05.04 09:21:05.305,1.41591,1.41621,1.50,1.50
2011.05.04 09:21:06.425,1.41591,1.41621,1.50,1.50
2011.05.04 09:21:06.687,1.41591,1.41621,1.50,1.50
2011.05.04 09:21:07.236,1.41591,1.41621,1.50,1.50
2011.05.04 09:21:08.638,1.41591,1.4162,1.50,1.50
2011.05.04 09:21:08.867,1.4159,1.41618,1.50,1.50
2011.05.04 09:21:09.195,1.41591,1.4162,1.50,1.50
2011.05.04 09:21:11.914,1.41591,1.41619,1.50,1.50
2011.05.04 09:21:12.245,1.41588,1.41615,1.50,1.50
2011.05.04 09:21:13.080,1.41588,1.41616,1.50,1.35
2011.05.04 09:21:13.475,1.41587,1.41614,1.50,1.50
2011.05.04 09:21:13.806,1.41588,1.41616,1.50,1.35
2011.05.04 09:21:14.135,1.41588,1.41618,1.50,1.35
2011.05.04 09:21:14.465,1.41594,1.4162,1.35,1.35
2011.05.04 09:21:15.234,1.41594,1.4162,1.35,1.35
2011.05.04 09:21:15.675,1.41594,1.4162,1.35,1.35
2011.05.04 09:21:20.297,1.41597,1.41627,1.35,1.92
2011.05.04 09:21:20.515,1.41596,1.41627,2.10,1.92
2011.05.04 09:21:20.735,1.41596,1.41627,2.85,1.92
2011.05.04 09:21:21.331,1.41597,1.41625,1.35,1.50
2011.05.04 09:21:21.447,1.41596,1.41625,2.10,1.50
2011.05.04 09:21:21.558,1.41591,1.41622,1.50,1.35
2011.05.04 09:21:26.296,1.41587,1.41621,2.25,1.32
2011.05.04 09:21:27.285,1.41587,1.41622,1.50,1.17
2011.05.04 09:21:27.615,1.41592,1.41624,1.50,1.32
2011.05.04 09:21:28.055,1.41597,1.41628,1.35,1.32
2011.05.04 09:21:30.301,1.41597,1.41625,1.35,1.32
