2017.12.01 01:00:00.226,1.53474,1.53495,1.00,1.50
2017.12.01 01:00:01.306,1.53471,1.53492,2.25,1.19
2017.12.01 01:00:01.817,1.53471,1.5349,1.00,1.87
2017.12.01 01:00:02.325,1.53471,1.53489,1.00,1.00
2017.12.01 01:00:02.428,1.53469,1.53489,1.25,1.50
2017.12.01 01:00:03.144,1.53469,1.53488,1.25,1.00
2017.12.01 01:00:03.651,1.53469,1.53489,1.25,1.50
2017.12.01 01:00:04.153,1.53469,1.53488,1.25,1.00
2017.12.01 01:00:04.256,1.5347,1.5349,1.00,1.00
2017.12.01 01:00:04.766,1.5347,1.53489,1.25,1.00
2017.12.01 01:00:05.358,1.5347,1.5349,1.69,1.12
2017.12.01 01:00:05.872,1.5347,1.53489,1.50,1.00
2017.12.01 01:00:06.486,1.53471,1.5349,1.00,1.12
2017.12.01 01:00:07.171,1.53471,1.53489,1.00,1.00
2017.12.01 01:00:09.478,1.53469,1.53489,1.50,1.00
2017.12.01 01:00:09.980,1.53469,1.53489,1.87,1.00
2017.12.01 01:00:10.752,1.53469,1.53488,1.87,1.00
2017.12.01 01:00:11.052,1.53469,1.53488,1.12,1.00
2017.12.01 01:00:11.737,1.53469,1.53488,1.19,1.00
2017.12.01 01:00:12.730,1.53469,1.53488,1.00,1.00
2017.12.01 01:00:13.064,1.53467,1.53486,1.69,1.00
2017.12.01 01:00:13.604,1.53467,1.53485,1.69,1.00
2017.12.01 01:00:15.757,1.53466,1.53485,1.00,1.00
2017.12.01 01:00:16.374,1.53467,1.53485,1.69,1.00
2017.12.01 01:00:16.425,1.53469,1.53485,1.00,1.00
2017.12.01 01:00:16.681,1.53468,1.53489,1.12,1.00
2017.12.01 01:00:16.784,1.53466,1.53488,2.44,1.31
2017.12.01 01:00:16.887,1.53464,1.53486,1.00,2.44
2017.12.01 01:00:16.942,1.53463,1.53483,1.00,1.69
2017.12.01 01:00:17.163,1.53462,1.53483,1.00,1.12
2017.12.01 01:00:17.217,1.53461,1.53481,2.06,1.00
2017.12.01 01:00:17.425,1.53461,1.53484,2.06,2.44
2017.12.01 01:00:17.630,1.53465,1.53483,1.50,1.00
2017.12.01 01:00:17.833,1.53462,1.53483,1.25,1.50
2017.12.01 01:00:18.934,1.53462,1.53483,1.00,1.31
2017.12.01 01:00:19.396,1.53459,1.5348,1.31,1.00
2017.12.01 01:00:19.992,1.53459,1.53481,1.12,1.50
2017.12.01 01:00:20.526,1.53459,1.5348,1.12,1.50
2017.12.01 01:00:20.830,1.53459,1.53478,1.00,1.00
2017.12.01 01:00:21.345,1.53459,1.53479,1.00,1.12
2017.12.01 01:00:22.671,1.53459,1.53481,1.19,2.25
2017.12.01 01:00:22.826,1.53459,1.53481,1.31,1.50
2017.12.01 01:00:23.554,1.53459,1.5348,1.31,1.00
2017.12.01 01:00:24.720,1.53459,1.53481,1.31,1.50
2017.12.01 01:00:25.549,1.53459,1.53481,1.12,1.87
2017.12.01 01:00:25.858,1.53462,1.53482,1.25,1.87
2017.12.01 01:00:28.358,1.53463,1.53482,1.00,1.50
2017.12.01 01:00:28.816,1.53458,1.53481,2.25,2.25
2017.12.01 01:00:28.868,1.53457,1.5348,2.44,1.75
2017.12.01 01:00:29.395,1.53457,1.53477,1.00,1.12
2017.12.01 01:00:29.903,1.53455,1.53476,2.44,1.00
2017.12.01 01:00:30.444,1.53455,1.53477,2.62,1.25
2017.12.01 01:00:30.779,1.53455,1.53475,2.62,1.00
2017.12.01 01:00:31.111,1.53457,1.53477,1.00,1.25
2017.12.01 01:00:31.699,1.53457,1.53478,1.50,1.12
2017.12.01 01:00:32.223,1.53457,1.53477,1.00,1.12
2017.12.01 01:00:32.566,1.53458,1.53478,2.44,1.12
2017.12.01 01:00:32.721,1.53462,1.53482,1.50,1.50
2017.12.01 01:00:33.029,1.53462,1.53484,2.44,1.00
2017.12.01 01:00:33.376,1.53462,1.53482,1.31,1.00
2017.12.01 01:00:33.982,1.53462,1.53482,1.25,1.00
2017.12.01 01:00:34.685,1.53461,1.53482,1.31,1.00
2017.12.01 01:00:37.497,1.53464,1.53483,1.00,1.00
2017.12.01 01:00:37.803,1.53465,1.53485,1.50,1.00
2017.12.01 01:00:38.216,1.53463,1.53483,1.50,1.25
2017.12.01 01:00:38.732,1.53462,1.53482,1.00,1.12
2017.12.01 01:00:39.523,1.53463,1.53483,1.00,1.00
2017.12.01 01:00:39.835,1.53461,1.53482,2.06,1.50
2017.12.01 01:00:40.402,1.53461,1.53482,1.69,1.50
2017.12.01 01:00:40.970,1.5346,1.53482,2.44,1.50
2017.12.01 01:00:42.436,1.5346,1.53481,2.44,1.00
2017.12.01 01:00:43.206,1.5346,1.53482,2.44,1.50
2017.12.01 01:00:44.753,1.53463,1.53482,1.31,1.50
2017.12.01 01:00:45.627,1.53463,1.53482,1.19,1.00
2017.12.01 01:00:46.955,1.53462,1.53483,2.44,1.50
2017.12.01 01:00:47.942,1.53464,1.53484,1.69,1.00
2017.12.01 01:00:48.045,1.53464,1.53484,2.06,1.00
2017.12.01 01:00:48.096,1.53465,1.53484,1.31,1.00
2017.12.01 01:00:48.250,1.53466,1.53486,1.31,1.87
2017.12.01 01:00:48.566,1.53467,1.53487,1.56,1.00
2017.12.01 01:00:48.874,1.53469,1.53489,2.06,1.00
2017.12.01 01:00:50.658,1.53469,1.5349,2.81,1.00
2017.12.01 01:00:52.143,1.53469,1.53489,2.81,1.00
2017.12.01 01:00:56.133,1.5347,1.53488,1.56,1.00
2017.12.01 01:00:56.236,1.53467,1.53487,2.44,1.00
2017.12.01 01:00:56.339,1.53468,1.53489,1.12,1.12
2017.12.01 01:00:56.391,1.5347,1.53488,1.00,1.00
2017.12.01 01:00:56.928,1.53469,1.53487,1.12,1.00
2017.12.01 01:00:57.440,1.53468,1.53486,1.00,1.00
2017.12.01 01:00:58.238,1.53468,1.53487,1.00,1.00
2017.12.01 01:00:59.882,1.53471,1.53489,1.00,1.00
2017.12.01 01:01:00.088,1.53473,1.53493,1.00,1.25
2017.12.01 01:01:00.630,1.53473,1.53494,1.12,1.12
2017.12.01 01:01:01.332,1.53473,1.53493,1.00,1.50
2017.12.01 01:01:02.553,1.53472,1.53493,1.00,1.69
2017.12.01 01:01:02.862,1.53469,1.53488,1.00,1.12
2017.12.01 01:01:13.617,1.53468,1.53487,1.12,1.00
2017.12.01 01:01:14.148,1.53465,1.53486,2.81,1.50
2017.12.01 01:01:14.251,1.53465,1.53486,2.44,2.25
2017.12.01 01:01:14.354,1.53465,1.53484,2.06,1.00
2017.12.01 01:01:14.666,1.53462,1.53482,1.31,1.00
2017.12.01 01:01:14.718,1.53466,1.53485,1.12,1.00
2017.12.01 01:01:14.770,1.53466,1.53487,1.87,1.00
2017.12.01 01:01:14.972,1.53469,1.53488,1.87,1.00
2017.12.01 01:01:15.280,1.53471,1.53489,1.00,1.25
2017.12.01 01:01:15.820,1.5347,1.53489,1.00,1.25
2017.12.01 01:01:16.134,1.53471,1.53487,1.00,1.00
2017.12.01 01:01:16.188,1.53467,1.53487,1.12,1.19
2017.12.01 01:01:19.741,1.53466,1.53485,1.37,1.00
2017.12.01 01:01:19.796,1.53468,1.53486,1.00,2.06
2017.12.01 01:01:19.849,1.53467,1.53485,1.00,1.00
2017.12.01 01:01:19.903,1.53466,1.53487,1.31,1.50
2017.12.01 01:01:20.054,1.53468,1.53487,2.00,1.50
2017.12.01 01:01:20.519,1.53468,1.53486,1.12,1.00
2017.12.01 01:01:21.059,1.53468,1.53485,1.12,1.00
2017.12.01 01:01:21.640,1.53465,1.53485,2.25,1.00
2017.12.01 01:01:21.743,1.53465,1.53482,1.75,1.00
2017.12.01 01:01:21.846,1.53461,1.53482,3.56,1.00
2017.12.01 01:01:22.509,1.53462,1.53483,1.75,1.00
2017.12.01 01:01:22.663,1.53462,1.53483,1.12,1.19
2017.12.01 01:01:22.766,1.5346,1.53478,2.62,1.00
2017.12.01 01:01:22.963,1.53459,1.5348,1.00,1.00
2017.12.01 01:01:23.271,1.5346,1.5348,1.69,1.00
2017.12.01 01:01:23.578,1.53461,1.53482,1.87,1.00
2017.12.01 01:01:25.959,1.53461,1.53483,3.19,1.00
2017.12.01 01:01:28.467,1.53462,1.53483,1.12,1.50
2017.12.01 01:01:28.570,1.53464,1.53483,1.00,1.50
2017.12.01 01:01:29.220,1.53462,1.53483,2.25,1.50
2017.12.01 01:01:29.605,1.53462,1.53483,2.25,1.00
2017.12.01 01:01:30.046,1.53463,1.53483,1.00,1.50
2017.12.01 01:01:30.576,1.53462,1.53483,1.12,1.50
2017.12.01 01:01:30.629,1.53465,1.53484,1.50,1.25
2017.12.01 01:01:37.481,1.53463,1.53483,1.75,1.00
2017.12.01 01:01:38.916,1.53461,1.53482,1.94,1.00
2017.12.01 01:01:39.400,1.53463,1.53483,1.75,1.00
2017.12.01 01:01:39.709,1.53465,1.53485,1.37,1.00
2017.12.01 01:01:39.966,1.53461,1.53481,1.87,1.00
2017.12.01 01:01:40.980,1.53461,1.53481,1.31,1.00
2017.12.01 01:01:41.033,1.53461,1.53479,1.31,1.00
2017.12.01 01:01:41.136,1.53461,1.53481,1.31,1.00
2017.12.01 01:01:41.188,1.53461,1.53478,1.69,1.00
2017.12.01 01:01:41.696,1.5346,1.53479,1.69,1.00
2017.12.01 01:01:42.141,1.5346,1.53479,1.31,1.00
2017.12.01 01:01:45.407,1.53459,1.53479,2.19,1.00
2017.12.01 01:01:46.148,1.5346,1.53479,1.69,1.00
2017.12.01 01:01:47.076,1.5346,1.5348,1.69,1.00
2017.12.01 01:01:48.734,1.5346,1.5348,1.69,1.50
2017.12.01 01:01:49.075,1.5346,1.53481,3.37,1.00
2017.12.01 01:01:50.910,1.53463,1.53482,1.50,1.00
2017.12.01 01:01:51.295,1.53463,1.53483,3.75,1.00
2017.12.01 01:01:51.347,1.53463,1.53485,3.75,1.00
2017.12.01 01:01:52.018,1.53463,1.53483,3.00,1.00
2017.12.01 01:01:52.392,1.53465,1.53485,1.75,1.00
2017.12.01 01:01:53.195,1.53464,1.53487,3.19,2.25
2017.12.01 01:01:54.279,1.53466,1.53487,1.75,1.00
2017.12.01 01:01:54.755,1.53468,1.53489,2.44,1.00
2017.12.01 01:01:55.063,1.53466,1.53487,1.50,1.00
2017.12.01 01:01:55.406,1.53465,1.53483,2.06,1.00
2017.12.01 01:01:55.669,1.53462,1.53482,2.44,1.00
2017.12.01 01:01:56.483,1.53463,1.53481,1.50,1.00
2017.12.01 01:01:56.535,1.53462,1.53482,1.12,1.00
2017.12.01 01:01:57.099,1.53462,1.53483,1.12,1.25
2017.12.01 01:01:57.702,1.53463,1.53483,1.00,1.69
2017.12.01 01:01:57.968,1.53462,1.53483,2.62,1.00
2017.12.01 01:01:58.508,1.53461,1.53482,3.19,1.00
2017.12.01 01:01:59.027,1.53462,1.53484,1.12,1.69
2017.12.01 01:01:59.531,1.53463,1.53483,1.50,1.50
2017.12.01 01:02:00.119,1.53463,1.53482,1.50,1.00
2017.12.01 01:02:00.812,1.53463,1.53483,1.50,1.50
2017.12.01 01:02:02.815,1.53463,1.53482,1.50,1.00
2017.12.01 01:02:03.683,1.5346,1.53481,1.50,1.00
2017.12.01 01:02:04.793,1.53459,1.5348,3.00,1.00
2017.12.01 01:02:04.845,1.53459,1.53477,1.37,1.00
2017.12.01 01:02:04.897,1.53459,1.53477,1.00,1.00
2017.12.01 01:02:10.157,1.5346,1.53479,1.75,1.00
2017.12.01 01:02:10.467,1.53466,1.53482,1.00,1.19
2017.12.01 01:02:10.938,1.53466,1.53478,1.00,1.00
2017.12.01 01:02:10.989,1.53461,1.53479,1.12,1.00
2017.12.01 01:02:11.503,1.5346,1.53479,1.75,1.00
2017.12.01 01:02:12.999,1.5346,1.5348,1.75,1.50
2017.12.01 01:02:14.921,1.5346,1.53481,2.25,1.25
2017.12.01 01:02:15.197,1.53461,1.53483,2.62,1.50
2017.12.01 01:02:15.453,1.5346,1.53481,1.75,1.00
2017.12.01 01:02:15.505,1.5346,1.5348,1.12,1.25
2017.12.01 01:02:15.659,1.53458,1.5348,1.50,1.31
2017.12.01 01:02:16.062,1.53457,1.53477,1.20,1.00
2017.12.01 01:02:16.578,1.53456,1.53476,1.20,1.31
2017.12.01 01:02:17.106,1.53454,1.53476,1.27,1.31
2017.12.01 01:02:17.706,1.53454,1.53476,1.27,1.31
2017.12.01 01:02:24.814,1.53454,1.53474,1.27,1.19
2017.12.01 01:02:25.491,1.53454,1.53474,1.27,1.19
2017.12.01 01:02:26.180,1.53454,1.53475,1.27,2.06
2017.12.01 01:02:27.224,1.53454,1.53475,1.90,2.81
2017.12.01 01:02:30.963,1.53454,1.53475,1.90,2.81
2017.12.01 01:02:31.467,1.53454,1.53475,1.90,2.81
2017.12.01 01:02:31.989,1.53452,1.53473,1.15,1.69
2017.12.01 01:02:32.091,1.53451,1.53472,1.50,1.56
2017.12.01 01:02:32.143,1.53453,1.53474,1.00,2.62
2017.12.01 01:02:32.248,1.53452,1.53472,1.15,1.19
2017.12.01 01:02:32.799,1.53452,1.53473,1.00,2.62
2017.12.01 01:02:33.130,1.5345,1.53471,1.50,1.25
2017.12.01 01:02:33.182,1.5345,1.53471,1.50,1.31
2017.12.01 01:02:33.233,1.5345,1.53471,1.50,1.25
2017.12.01 01:02:33.989,1.53451,1.53473,1.50,2.06
2017.12.01 01:02:35.181,1.53451,1.53473,1.50,2.44
2017.12.01 01:02:35.482,1.53451,1.53472,1.75,2.25
2017.12.01 01:02:36.017,1.53449,1.53471,2.62,1.44
2017.12.01 01:02:36.932,1.53449,1.53471,3.19,1.44
2017.12.01 01:02:37.589,1.53451,1.53471,1.00,1.50
2017.12.01 01:02:46.974,1.53453,1.53471,1.00,1.50
2017.12.01 01:02:49.898,1.53451,1.53471,1.00,1.69
2017.12.01 01:02:51.608,1.53449,1.5347,1.12,1.31
2017.12.01 01:02:53.788,1.53451,1.5347,1.00,1.00
2017.12.01 01:02:55.738,1.53451,1.53472,1.12,1.31
2017.12.01 01:02:56.285,1.53451,1.5347,1.12,1.00
2017.12.01 01:03:00.186,1.53451,1.53468,1.12,1.00
2017.12.01 01:03:01.183,1.53452,1.53468,1.00,1.00
2017.12.01 01:03:01.711,1.53452,1.53469,1.50,1.00
2017.12.01 01:03:02.051,1.53454,1.53468,1.00,1.00
2017.12.01 01:03:02.331,1.53452,1.53468,1.50,1.00
2017.12.01 01:03:02.834,1.53451,1.53469,1.00,1.00
2017.12.01 01:03:03.259,1.53451,1.53467,1.00,1.00
2017.12.01 01:03:03.312,1.53449,1.53467,1.12,1.00
2017.12.01 01:03:04.146,1.5345,1.53467,1.00,1.00
2017.12.01 01:03:07.554,1.5345,1.53468,1.00,1.00
2017.12.01 01:03:08.460,1.5345,1.53467,1.00,1.00
2017.12.01 01:03:14.815,1.5345,1.53468,1.00,1.00
2017.12.01 01:03:14.867,1.53452,1.53468,1.00,1.00
2017.12.01 01:03:15.370,1.53454,1.53468,1.00,1.00
2017.12.01 01:03:16.238,1.53454,1.53469,1.00,1.00
2017.12.01 01:03:16.889,1.53454,1.53468,1.00,1.00
2017.12.01 01:03:17.521,1.53454,1.53469,1.00,1.00
2017.12.01 01:03:18.215,1.53454,1.53468,1.00,1.00
2017.12.01 01:03:18.772,1.53454,1.53469,1.00,1.00
2017.12.01 01:03:20.458,1.53455,1.53469,1.12,1.00
2017.12.01 01:03:20.511,1.53459,1.53474,1.00,1.00
2017.12.01 01:03:20.716,1.53459,1.53476,1.00,1.25
2017.12.01 01:03:21.061,1.53459,1.53474,1.00,1.00
2017.12.01 01:03:22.834,1.53459,1.53475,1.00,1.00
2017.12.01 01:03:23.599,1.53459,1.53474,1.00,1.00
2017.12.01 01:03:23.805,1.53461,1.53479,1.00,1.00
2017.12.01 01:03:23.908,1.53463,1.53479,1.00,1.00
2017.12.01 01:03:24.634,1.53463,1.53479,1.50,1.00
2017.12.01 01:03:25.167,1.53465,1.5348,1.00,1.00
2017.12.01 01:03:25.695,1.53464,1.5348,1.00,1.00
2017.12.01 01:03:27.277,1.53464,1.53481,1.00,1.00
2017.12.01 01:03:31.490,1.53464,1.5348,1.00,1.00
2017.12.01 01:03:37.631,1.53464,1.53481,1.00,1.00
2017.12.01 01:03:38.526,1.53464,1.5348,1.00,1.00
2017.12.01 01:03:42.709,1.53464,1.53481,1.12,1.00
2017.12.01 01:03:43.251,1.53464,1.5348,1.12,1.00
2017.12.01 01:03:43.776,1.53464,1.53481,1.12,1.00
2017.12.01 01:03:47.026,1.53464,1.53481,1.50,1.00
2017.12.01 01:03:50.402,1.53464,1.5348,2.62,1.00
2017.12.01 01:03:58.573,1.53463,1.53479,1.50,1.00
2017.12.01 01:03:58.676,1.53462,1.53479,2.25,1.50
2017.12.01 01:03:58.728,1.53462,1.53476,1.00,1.00
2017.12.01 01:03:58.780,1.5346,1.53476,1.12,1.25
2017.12.01 01:03:59.116,1.53459,1.53474,1.12,1.00
2017.12.01 01:03:59.976,1.53459,1.53473,1.12,1.00
2017.12.01 01:04:00.488,1.53457,1.53474,1.87,1.00
2017.12.01 01:04:02.907,1.53457,1.53476,1.75,1.19
2017.12.01 01:04:05.024,1.53458,1.53478,2.62,1.87
2017.12.01 01:04:05.577,1.53458,1.53478,3.75,1.87
2017.12.01 01:04:06.252,1.53458,1.53477,3.75,1.00
2017.12.01 01:04:06.936,1.53458,1.53477,2.62,1.00
2017.12.01 01:04:07.244,1.5346,1.53477,1.00,1.00
2017.12.01 01:04:07.872,1.5346,1.5348,1.12,2.06
2017.12.01 01:04:08.361,1.53461,1.5348,1.00,1.25
2017.12.01 01:04:08.952,1.53461,1.53481,2.25,1.19
2017.12.01 01:04:09.565,1.53461,1.53481,3.00,1.50
2017.12.01 01:04:09.617,1.53462,1.53479,1.00,1.69
2017.12.01 01:04:09.720,1.53459,1.53479,1.00,1.31
2017.12.01 01:04:10.269,1.53457,1.53476,2.44,1.00
2017.12.01 01:04:10.834,1.53457,1.53475,2.25,1.25
2017.12.01 01:04:10.937,1.53455,1.53474,1.87,1.19
2017.12.01 01:04:11.464,1.53453,1.53471,1.50,1.00
2017.12.01 01:04:11.985,1.53452,1.5347,3.75,1.00
2017.12.01 01:04:12.362,1.53457,1.53475,2.25,1.19
2017.12.01 01:04:12.466,1.53455,1.53475,1.50,1.00
2017.12.01 01:04:12.518,1.53455,1.53475,1.31,1.00
2017.12.01 01:04:12.621,1.53455,1.53475,1.69,1.00
2017.12.01 01:04:12.927,1.53455,1.53471,1.50,1.00
2017.12.01 01:04:13.154,1.53452,1.53469,1.50,1.00
2017.12.01 01:04:13.954,1.53452,1.53468,1.50,1.00
2017.12.01 01:04:14.561,1.53453,1.53469,1.75,1.00
2017.12.01 01:04:15.073,1.53453,1.53468,1.75,1.00
2017.12.01 01:04:15.999,1.53453,1.53467,1.75,1.00
2017.12.01 01:04:16.515,1.53453,1.53468,1.75,1.00
2017.12.01 01:04:16.567,1.53456,1.53472,1.75,1.00
2017.12.01 01:04:16.772,1.53456,1.53474,1.75,1.25
2017.12.01 01:04:18.023,1.53455,1.53474,1.75,1.69
2017.12.01 01:04:18.536,1.53456,1.53475,1.75,1.69
2017.12.01 01:04:18.864,1.53456,1.53476,2.25,1.25
2017.12.01 01:04:21.089,1.53458,1.53477,1.50,1.00
2017.12.01 01:04:22.250,1.53458,1.53476,1.75,1.00
2017.12.01 01:04:22.601,1.53458,1.53475,1.75,1.00
2017.12.01 01:04:23.279,1.53458,1.53476,1.75,1.00
2017.12.01 01:04:23.981,1.53458,1.53477,2.62,1.00
2017.12.01 01:04:24.545,1.53458,1.53476,2.25,1.00
2017.12.01 01:04:25.238,1.53463,1.53477,1.75,1.00
2017.12.01 01:04:25.501,1.53459,1.53477,3.75,1.00
2017.12.01 01:04:26.035,1.5346,1.53477,1.75,1.19
2017.12.01 01:04:32.311,1.5346,1.53477,1.75,1.00
2017.12.01 01:04:33.595,1.5346,1.53476,1.75,1.00
2017.12.01 01:04:34.239,1.5346,1.53477,1.75,1.00
2017.12.01 01:04:34.869,1.5346,1.53476,1.75,1.00
2017.12.01 01:04:38.298,1.5346,1.53477,1.75,1.00
2017.12.01 01:04:39.242,1.5346,1.53476,1.75,1.00
2017.12.01 01:04:40.303,1.53463,1.53476,1.75,1.00
2017.12.01 01:04:41.291,1.53461,1.53476,1.75,1.00
2017.12.01 01:04:43.226,1.53461,1.53475,1.75,1.00
2017.12.01 01:04:43.279,1.53459,1.53472,1.75,1.00
2017.12.01 01:04:43.333,1.53457,1.53472,1.50,1.00
2017.12.01 01:04:43.489,1.53454,1.53472,1.00,1.00
2017.12.01 01:04:43.592,1.53451,1.53472,1.12,1.00
2017.12.01 01:04:44.110,1.5345,1.53471,2.25,1.25
2017.12.01 01:04:44.620,1.5345,1.5347,1.37,1.00
2017.12.01 01:04:45.554,1.53451,1.53469,1.12,1.00
2017.12.01 01:04:46.543,1.5345,1.53468,1.00,1.00
2017.12.01 01:04:46.595,1.53448,1.53466,1.50,1.00
2017.12.01 01:04:47.117,1.53447,1.53465,1.12,1.00
2017.12.01 01:04:47.619,1.53446,1.53466,2.62,1.00
2017.12.01 01:04:48.903,1.53446,1.53466,3.00,1.00
2017.12.01 01:04:49.481,1.53446,1.53467,3.75,1.50
2017.12.01 01:04:50.020,1.53446,1.53467,3.37,1.00
2017.12.01 01:04:57.192,1.53447,1.53468,1.31,1.50
2017.12.01 01:04:57.512,1.53448,1.53468,1.75,1.50
2017.12.01 01:05:00.284,1.53448,1.53467,2.25,1.00
2017.12.01 01:05:00.820,1.53448,1.53468,2.25,1.00
2017.12.01 01:05:01.067,1.53446,1.53467,2.25,1.50
2017.12.01 01:05:01.222,1.53449,1.53469,1.00,1.69
2017.12.01 01:05:01.761,1.53448,1.53467,1.00,1.00
2017.12.01 01:05:02.202,1.53444,1.53466,2.81,1.50
2017.12.01 01:05:02.254,1.53444,1.53464,2.00,1.50
2017.12.01 01:05:02.307,1.53443,1.53464,1.69,1.50
2017.12.01 01:05:02.659,1.53446,1.53465,1.19,1.00
2017.12.01 01:05:03.176,1.53446,1.53466,1.19,1.50
2017.12.01 01:05:03.564,1.53444,1.53465,3.19,1.00
2017.12.01 01:05:03.718,1.53443,1.53463,2.44,1.00
2017.12.01 01:05:06.292,1.53443,1.53464,2.00,1.00
2017.12.01 01:05:06.887,1.53443,1.53463,2.00,1.00
2017.12.01 01:05:07.495,1.53446,1.53468,1.31,1.19
2017.12.01 01:05:07.549,1.53449,1.5347,1.00,3.37
2017.12.01 01:05:07.705,1.5345,1.53471,1.69,1.00
2017.12.01 01:05:08.014,1.5345,1.53472,1.87,1.00
2017.12.01 01:05:08.339,1.5345,1.5347,1.37,1.00
2017.12.01 01:05:08.443,1.53446,1.53468,1.50,1.87
2017.12.01 01:05:08.495,1.53445,1.53467,2.44,1.00
2017.12.01 01:05:08.862,1.53449,1.53468,1.00,1.12
2017.12.01 01:05:09.404,1.5345,1.5347,1.00,1.37
2017.12.01 01:05:11.476,1.53448,1.53468,1.25,1.00
2017.12.01 01:05:11.632,1.53446,1.53465,1.37,1.00
2017.12.01 01:05:12.849,1.53445,1.53465,1.31,1.00
2017.12.01 01:05:13.389,1.53444,1.53465,2.44,1.00
2017.12.01 01:05:14.000,1.53444,1.53466,4.12,1.00
2017.12.01 01:05:14.515,1.53445,1.53465,1.31,1.00
2017.12.01 01:05:17.172,1.53445,1.53465,1.31,1.00
2017.12.01 01:05:17.721,1.53445,1.53464,1.00,1.00
2017.12.01 01:05:20.214,1.53444,1.53464,1.25,1.00
2017.12.01 01:05:20.848,1.53443,1.53463,2.06,1.00
2017.12.01 01:05:21.365,1.53443,1.53463,2.06,1.00
2017.12.01 01:05:21.913,1.53442,1.53463,1.25,1.12
2017.12.01 01:05:22.848,1.53442,1.53463,2.44,1.00
2017.12.01 01:05:23.374,1.53442,1.53462,1.50,1.00
2017.12.01 01:05:24.015,1.53442,1.53463,3.19,1.00
2017.12.01 01:05:30.912,1.53443,1.53464,1.00,2.25
2017.12.01 01:05:31.427,1.53444,1.53461,1.00,2.06
2017.12.01 01:05:31.478,1.53442,1.53461,1.00,2.06
2017.12.01 01:05:32.016,1.53443,1.53461,1.00,2.06
2017.12.01 01:05:32.362,1.53443,1.53462,1.00,1.31
2017.12.01 01:05:34.432,1.53444,1.53466,1.87,3.00
2017.12.01 01:05:34.953,1.53445,1.53466,1.50,1.31
2017.12.01 01:05:35.333,1.53443,1.53465,1.00,2.44
2017.12.01 01:05:35.385,1.53443,1.53463,1.00,1.69
2017.12.01 01:05:36.284,1.53442,1.53463,1.50,1.69
2017.12.01 01:05:36.591,1.53442,1.53462,1.00,2.25
2017.12.01 01:05:37.736,1.53442,1.53462,1.00,2.25
2017.12.01 01:05:38.493,1.53441,1.53462,1.00,2.25
2017.12.01 01:05:42.890,1.53442,1.53462,1.00,2.06
2017.12.01 01:05:44.165,1.53442,1.53461,1.00,1.25
2017.12.01 01:05:45.776,1.53442,1.5346,1.00,1.19
2017.12.01 01:05:45.880,1.53439,1.53459,1.00,1.69
2017.12.01 01:05:46.397,1.5344,1.53461,1.87,3.56
2017.12.01 01:05:47.024,1.5344,1.53461,1.87,3.56
2017.12.01 01:05:47.797,1.53441,1.53461,1.50,2.44
2017.12.01 01:05:59.493,1.53442,1.53461,1.00,1.69
2017.12.01 01:05:59.545,1.5344,1.53461,1.50,2.44
2017.12.01 01:05:59.648,1.53442,1.53463,1.00,1.87
2017.12.01 01:05:59.992,1.53444,1.53461,1.00,1.56
2017.12.01 01:06:01.165,1.53444,1.53463,1.00,2.81
2017.12.01 01:06:01.268,1.53442,1.53462,1.12,2.06
2017.12.01 01:06:01.500,1.53442,1.53461,1.00,1.56
2017.12.01 01:06:04.944,1.53442,1.53456,1.00,1.00
2017.12.01 01:06:04.996,1.5344,1.53456,1.12,1.19
2017.12.01 01:06:05.151,1.53437,1.53456,1.50,1.19
2017.12.01 01:06:06.233,1.53437,1.53456,1.69,1.69
2017.12.01 01:06:06.958,1.53438,1.53456,1.00,1.25
2017.12.01 01:06:07.705,1.53439,1.53456,1.00,1.00
2017.12.01 01:06:07.889,1.5344,1.53461,1.00,2.81
2017.12.01 01:06:08.096,1.53438,1.53459,1.12,1.75
2017.12.01 01:06:08.686,1.53438,1.53456,1.00,1.00
2017.12.01 01:06:09.202,1.53437,1.53457,1.00,1.31
2017.12.01 01:06:10.499,1.53436,1.53457,1.50,2.06
2017.12.01 01:06:12.845,1.53436,1.53456,1.50,1.00
2017.12.01 01:06:20.421,1.53437,1.53456,1.00,1.00
2017.12.01 01:06:22.096,1.53436,1.53456,1.00,1.69
2017.12.01 01:06:22.673,1.53435,1.53455,2.25,1.31
2017.12.01 01:06:23.437,1.53435,1.53455,1.50,1.31
2017.12.01 01:06:35.824,1.53435,1.53455,1.00,1.31
2017.12.01 01:06:38.439,1.53436,1.53456,1.00,1.69
2017.12.01 01:06:46.122,1.53434,1.53455,1.00,2.06
2017.12.01 01:06:46.360,1.53437,1.53455,1.00,1.00
2017.12.01 01:06:46.727,1.53438,1.53457,2.25,1.25
2017.12.01 01:06:47.385,1.53439,1.53459,1.00,1.19
2017.12.01 01:06:47.461,1.53439,1.53459,1.00,1.00
2017.12.01 01:06:48.071,1.53439,1.53458,1.00,1.00
2017.12.01 01:06:48.324,1.53436,1.53456,2.25,1.00
2017.12.01 01:06:48.478,1.53436,1.53455,2.62,1.00
2017.12.01 01:06:48.632,1.53434,1.53455,3.00,1.00
2017.12.01 01:06:49.098,1.53434,1.53453,1.87,1.00
2017.12.01 01:06:49.895,1.53434,1.53454,1.87,1.00
2017.12.01 01:06:50.454,1.53436,1.53455,1.50,1.00
2017.12.01 01:06:50.774,1.53436,1.53457,1.87,1.25
2017.12.01 01:06:51.401,1.53436,1.53456,1.87,1.00
2017.12.01 01:06:51.949,1.53436,1.53457,1.87,1.25
2017.12.01 01:06:52.703,1.53436,1.53456,1.87,1.00
2017.12.01 01:06:56.374,1.53438,1.53456,1.12,1.25
2017.12.01 01:06:56.683,1.5344,1.53458,1.00,1.00
2017.12.01 01:06:56.837,1.53438,1.53458,1.50,1.00
2017.12.01 01:06:57.415,1.53438,1.53459,1.00,1.69
2017.12.01 01:06:57.952,1.53438,1.53458,1.00,1.00
2017.12.01 01:06:58.605,1.53438,1.53459,1.25,1.69
2017.12.01 01:06:59.143,1.53444,1.53461,3.00,1.50
2017.12.01 01:06:59.246,1.53448,1.53465,1.00,1.00
2017.12.01 01:06:59.505,1.53445,1.53466,1.37,1.50
2017.12.01 01:06:59.608,1.53444,1.53466,2.06,2.25
2017.12.01 01:06:59.711,1.53444,1.53465,2.25,1.75
2017.12.01 01:07:00.291,1.53444,1.53462,1.25,1.00
2017.12.01 01:07:00.394,1.53442,1.53462,2.06,1.00
2017.12.01 01:07:00.969,1.53442,1.53463,1.25,1.87
2017.12.01 01:07:01.589,1.53442,1.53463,1.19,1.87
2017.12.01 01:07:02.858,1.53442,1.53463,1.25,1.12
2017.12.01 01:07:05.756,1.53443,1.53464,1.00,3.19
2017.12.01 01:07:06.301,1.53444,1.53464,1.00,1.50
2017.12.01 01:07:08.317,1.53444,1.53458,1.00,1.00
2017.12.01 01:07:08.471,1.53438,1.53458,1.50,1.31
2017.12.01 01:07:08.985,1.53438,1.53457,1.00,1.31
2017.12.01 01:07:09.656,1.53438,1.53457,1.00,1.19
2017.12.01 01:07:10.850,1.53439,1.53458,1.00,1.31
2017.12.01 01:07:16.039,1.53439,1.53458,1.00,1.25
2017.12.01 01:07:21.140,1.5344,1.53458,1.00,1.25
2017.12.01 01:07:21.748,1.53441,1.53457,1.00,1.00
2017.12.01 01:07:22.402,1.53441,1.53458,1.00,1.25
2017.12.01 01:07:23.542,1.5344,1.53458,1.00,1.25
2017.12.01 01:07:27.130,1.53445,1.53458,1.00,1.00
2017.12.01 01:07:27.182,1.53442,1.53458,1.00,1.00
2017.12.01 01:07:27.234,1.53445,1.53463,1.00,1.69
2017.12.01 01:07:27.286,1.53447,1.53463,1.00,1.00
2017.12.01 01:07:27.441,1.53449,1.53468,1.00,1.87
2017.12.01 01:07:27.560,1.53451,1.53468,1.00,1.50
2017.12.01 01:07:28.058,1.53451,1.53469,1.00,1.12
2017.12.01 01:07:29.214,1.53449,1.5347,1.69,1.50
2017.12.01 01:07:29.430,1.53451,1.5347,1.00,1.00
2017.12.01 01:07:30.969,1.53448,1.53469,1.25,3.00
2017.12.01 01:07:31.125,1.53447,1.53465,1.00,1.00
2017.12.01 01:07:31.567,1.53443,1.53457,1.00,1.00
2017.12.01 01:07:32.086,1.53442,1.53458,1.50,1.00
2017.12.01 01:07:32.397,1.53445,1.53457,1.00,1.00
2017.12.01 01:07:32.501,1.5344,1.53457,1.75,1.00
2017.12.01 01:07:32.553,1.53439,1.5346,2.25,1.87
2017.12.01 01:07:32.605,1.53439,1.5346,1.50,1.12
2017.12.01 01:07:32.657,1.53441,1.5346,1.00,1.00
2017.12.01 01:07:33.217,1.53441,1.53461,1.00,1.25
2017.12.01 01:07:33.926,1.53441,1.53462,1.00,1.50
2017.12.01 01:07:34.665,1.53441,1.53461,1.00,1.00
2017.12.01 01:07:36.479,1.53441,1.53462,1.00,1.12
2017.12.01 01:07:36.982,1.53438,1.5346,2.25,1.50
2017.12.01 01:07:37.289,1.53436,1.53457,1.00,2.62
2017.12.01 01:07:38.070,1.53438,1.53458,1.00,4.68
2017.12.01 01:07:38.124,1.53442,1.53462,1.19,1.00
2017.12.01 01:07:39.456,1.53442,1.53461,1.00,1.12
2017.12.01 01:07:41.959,1.53441,1.53462,1.00,2.44
2017.12.01 01:07:42.592,1.53441,1.5346,1.00,1.00
2017.12.01 01:07:44.020,1.53441,1.5346,1.00,1.37
2017.12.01 01:07:44.436,1.53436,1.53453,2.00,1.00
2017.12.01 01:07:44.539,1.53433,1.53453,2.81,1.00
2017.12.01 01:07:45.063,1.53434,1.53452,1.25,1.50
2017.12.01 01:07:45.381,1.53432,1.53451,1.12,1.00
2017.12.01 01:07:45.484,1.53437,1.53451,1.00,1.00
2017.12.01 01:07:45.536,1.53433,1.53451,1.75,1.00
2017.12.01 01:07:45.639,1.53433,1.53451,1.00,1.00
2017.12.01 01:07:46.158,1.53432,1.5345,1.12,1.00
2017.12.01 01:07:49.459,1.53432,1.53449,1.12,1.00
2017.12.01 01:07:51.027,1.53432,1.53448,1.12,1.00
2017.12.01 01:07:53.914,1.5343,1.53448,1.31,1.00
2017.12.01 01:07:53.965,1.53432,1.53448,1.00,1.00
2017.12.01 01:07:54.544,1.53432,1.53449,1.00,1.00
2017.12.01 01:07:55.087,1.53433,1.53449,1.00,1.00
2017.12.01 01:07:55.895,1.53433,1.5345,1.00,1.00
2017.12.01 01:07:56.404,1.53433,1.53451,1.00,1.00
2017.12.01 01:07:59.303,1.53433,1.53449,1.00,1.00
2017.12.01 01:08:00.051,1.53433,1.5345,1.00,1.00
2017.12.01 01:08:00.702,1.53433,1.53451,1.00,1.00
2017.12.01 01:08:01.437,1.53433,1.53452,1.00,1.87
2017.12.01 01:08:02.266,1.5343,1.53451,1.69,1.00
2017.12.01 01:08:02.503,1.53432,1.53452,1.00,2.81
2017.12.01 01:08:04.832,1.53435,1.53453,1.00,3.94
2017.12.01 01:08:04.937,1.53432,1.53451,1.00,1.00
2017.12.01 01:08:05.145,1.5343,1.53451,1.12,1.00
2017.12.01 01:08:05.950,1.53428,1.53449,1.25,1.87
2017.12.01 01:08:07.664,1.53431,1.5345,1.00,1.00
2017.12.01 01:08:07.989,1.5343,1.5345,1.00,1.31
2017.12.01 01:08:08.196,1.53428,1.5345,2.25,2.06
2017.12.01 01:08:08.299,1.53431,1.5345,1.00,2.06
2017.12.01 01:08:08.403,1.5343,1.53451,1.00,2.06
2017.12.01 01:08:12.469,1.5343,1.53451,1.19,1.12
2017.12.01 01:08:13.558,1.53432,1.53452,1.00,3.19
2017.12.01 01:08:14.545,1.53434,1.53452,1.00,3.19
2017.12.01 01:08:15.971,1.53433,1.53451,1.00,1.12
2017.12.01 01:08:16.660,1.53434,1.53452,1.00,1.50
2017.12.01 01:08:16.814,1.53432,1.53452,1.00,1.69
2017.12.01 01:08:16.916,1.5343,1.53452,1.00,3.19
2017.12.01 01:08:19.778,1.53428,1.53451,1.12,2.06
2017.12.01 01:08:20.893,1.53432,1.53452,1.00,2.44
2017.12.01 01:08:21.060,1.53432,1.53452,1.50,1.25
2017.12.01 01:08:21.163,1.5343,1.53452,1.50,2.44
2017.12.01 01:08:21.266,1.53429,1.53451,3.00,1.44
2017.12.01 01:08:21.318,1.53429,1.53451,1.50,2.62
2017.12.01 01:08:22.638,1.53429,1.5345,1.00,1.19
2017.12.01 01:08:25.519,1.53432,1.53449,1.00,1.00
2017.12.01 01:08:25.622,1.53432,1.53451,1.00,1.31
2017.12.01 01:08:26.233,1.53431,1.53452,1.00,2.81
2017.12.01 01:08:26.435,1.53429,1.53452,3.56,4.69
2017.12.01 01:08:26.698,1.53433,1.53451,1.12,1.56
2017.12.01 01:08:26.802,1.53432,1.53452,1.00,1.31
2017.12.01 01:08:27.302,1.5343,1.53451,1.12,1.50
2017.12.01 01:08:27.682,1.53433,1.53452,1.00,3.00
2017.12.01 01:08:27.786,1.53432,1.53452,1.12,2.25
2017.12.01 01:08:30.128,1.53435,1.53453,1.00,3.19
2017.12.01 01:08:30.281,1.53433,1.53452,1.00,1.25
2017.12.01 01:08:30.821,1.53435,1.53452,1.00,1.25
2017.12.01 01:08:30.975,1.53433,1.53452,1.12,1.25
2017.12.01 01:08:31.304,1.53431,1.53452,1.00,1.87
2017.12.01 01:08:33.397,1.53432,1.53452,1.00,1.69
2017.12.01 01:08:33.964,1.53433,1.53452,1.00,2.06
2017.12.01 01:08:34.921,1.53432,1.53452,1.00,2.06
2017.12.01 01:08:37.493,1.53433,1.53451,1.00,1.25
2017.12.01 01:08:37.698,1.53431,1.53451,1.12,1.25
2017.12.01 01:08:37.801,1.53433,1.53451,1.00,1.25
2017.12.01 01:08:46.332,1.53433,1.53452,1.00,1.31
2017.12.01 01:08:46.985,1.53434,1.53453,1.00,4.31
2017.12.01 01:08:47.636,1.53434,1.53452,1.00,1.69
2017.12.01 01:08:50.275,1.53434,1.53452,1.50,1.25
2017.12.01 01:08:50.835,1.53433,1.53452,2.25,1.19
2017.12.01 01:08:59.022,1.53433,1.53451,1.12,1.12
2017.12.01 01:09:01.356,1.53432,1.5345,1.50,1.00
2017.12.01 01:09:01.873,1.53432,1.53451,1.50,1.12
2017.12.01 01:09:02.880,1.53432,1.53451,1.00,1.12
2017.12.01 01:09:03.653,1.53432,1.5345,1.00,1.00
2017.12.01 01:09:05.577,1.53432,1.53451,1.00,1.87
2017.12.01 01:09:10.244,1.53431,1.53451,1.12,1.87
2017.12.01 01:09:13.921,1.53431,1.5345,1.12,1.00
2017.12.01 01:09:14.588,1.53433,1.53451,1.00,1.00
2017.12.01 01:09:14.978,1.53436,1.53454,1.00,1.00
2017.12.01 01:09:15.183,1.53434,1.53453,1.00,1.00
2017.12.01 01:09:15.733,1.53434,1.53454,1.00,1.00
2017.12.01 01:09:16.403,1.53434,1.53453,1.00,1.00
2017.12.01 01:09:17.147,1.53434,1.53454,1.00,1.00
2017.12.01 01:09:17.685,1.53434,1.53453,1.00,1.00
2017.12.01 01:09:19.009,1.53435,1.53454,1.12,1.00
2017.12.01 01:09:20.258,1.53434,1.53453,1.69,1.00
2017.12.01 01:09:20.309,1.53437,1.53453,1.00,1.00
2017.12.01 01:09:20.581,1.53437,1.53455,1.00,1.00
2017.12.01 01:09:20.633,1.53434,1.53455,2.25,1.25
2017.12.01 01:09:20.855,1.53434,1.53453,1.50,1.00
2017.12.01 01:09:21.966,1.53432,1.53453,1.00,1.00
2017.12.01 01:09:22.071,1.53431,1.53451,1.00,1.00
2017.12.01 01:09:22.379,1.53433,1.53452,1.00,1.00
2017.12.01 01:09:22.937,1.53433,1.53451,1.00,1.00
2017.12.01 01:09:23.166,1.5343,1.53451,2.81,1.25
2017.12.01 01:09:23.771,1.5343,1.5345,1.87,1.00
2017.12.01 01:09:25.187,1.53431,1.5345,1.00,1.00
2017.12.01 01:09:25.291,1.53433,1.53451,1.00,1.00
2017.12.01 01:09:25.853,1.53433,1.53452,1.00,1.00
2017.12.01 01:09:26.599,1.53434,1.53452,1.00,1.00
2017.12.01 01:09:27.124,1.53434,1.53453,1.00,1.00
2017.12.01 01:09:27.660,1.53434,1.53455,1.00,1.69
2017.12.01 01:09:28.627,1.53433,1.53455,1.12,3.19
2017.12.01 01:09:30.635,1.53437,1.53456,1.00,1.50
2017.12.01 01:09:31.112,1.53435,1.53456,1.87,1.50
2017.12.01 01:09:31.210,1.53435,1.53454,1.00,1.00
2017.12.01 01:09:31.575,1.53434,1.53445,1.00,1.00
2017.12.01 01:09:31.628,1.53429,1.53445,1.12,1.69
2017.12.01 01:09:31.732,1.53425,1.53445,1.00,1.19
2017.12.01 01:09:31.885,1.53424,1.53445,2.62,2.06
2017.12.01 01:09:31.988,1.53425,1.53445,1.50,1.00
2017.12.01 01:09:32.830,1.53426,1.53446,1.00,1.69
2017.12.01 01:09:33.058,1.5343,1.53446,1.00,1.00
2017.12.01 01:09:33.111,1.53431,1.53449,1.00,1.25
2017.12.01 01:09:33.419,1.53432,1.53451,1.00,1.50
2017.12.01 01:09:37.242,1.53432,1.53452,1.00,1.50
2017.12.01 01:09:37.852,1.53432,1.53451,1.00,1.00
2017.12.01 01:09:38.645,1.53432,1.53451,1.50,1.00
2017.12.01 01:09:39.387,1.53431,1.53452,2.25,1.00
2017.12.01 01:09:40.183,1.53432,1.53451,1.50,1.00
2017.12.01 01:09:44.874,1.53433,1.53452,1.12,1.50
2017.12.01 01:09:46.976,1.53434,1.53452,1.75,1.50
2017.12.01 01:09:47.185,1.53434,1.53453,1.00,1.50
2017.12.01 01:09:48.089,1.53434,1.53453,1.75,1.00
2017.12.01 01:09:48.287,1.53433,1.53453,1.50,1.50
2017.12.01 01:09:48.449,1.53433,1.53451,1.50,1.50
2017.12.01 01:09:48.921,1.53433,1.53449,1.50,1.00
2017.12.01 01:09:50.893,1.53433,1.5345,1.50,1.00
2017.12.01 01:09:51.553,1.53432,1.53449,1.75,1.00
2017.12.01 01:09:51.971,1.5343,1.53449,3.00,1.00
2017.12.01 01:09:53.137,1.5343,1.5345,3.00,1.50
2017.12.01 01:09:56.372,1.5343,1.53449,3.00,1.00
2017.12.01 01:09:56.933,1.5343,1.5345,3.00,1.00
2017.12.01 01:09:58.829,1.5343,1.5345,3.00,1.00
2017.12.01 01:09:59.469,1.53432,1.53451,1.75,1.00
2017.12.01 01:10:00.291,1.53432,1.53451,1.12,1.00
2017.12.01 01:10:01.083,1.53432,1.53452,1.12,1.00
2017.12.01 01:10:01.185,1.53434,1.53452,1.00,1.00
2017.12.01 01:10:01.745,1.53433,1.53453,1.50,1.25
2017.12.01 01:10:03.059,1.53434,1.53453,1.75,1.00
2017.12.01 01:10:03.312,1.53433,1.53453,2.06,1.00
2017.12.01 01:10:03.824,1.53433,1.53453,2.44,1.00
2017.12.01 01:10:04.425,1.53433,1.53453,2.06,1.00
2017.12.01 01:10:05.011,1.53434,1.53453,1.00,1.00
2017.12.01 01:10:05.547,1.53434,1.53453,1.75,1.00
2017.12.01 01:10:06.060,1.53436,1.53454,1.12,1.00
2017.12.01 01:10:06.570,1.53437,1.53456,1.00,1.50
2017.12.01 01:10:06.905,1.53441,1.53456,1.00,1.00
2017.12.01 01:10:07.079,1.53436,1.53456,1.12,3.18
2017.12.01 01:10:07.235,1.53436,1.53455,2.25,1.00
2017.12.01 01:10:07.543,1.53439,1.53458,1.25,2.81
2017.12.01 01:10:15.500,1.53438,1.53459,1.69,1.21
2017.12.01 01:10:21.207,1.53441,1.5346,1.00,1.19
2017.12.01 01:10:24.228,1.53441,1.53461,1.00,2.44
2017.12.01 01:10:24.826,1.53441,1.53461,1.00,1.69
2017.12.01 01:10:26.744,1.53442,1.53461,1.00,2.44
2017.12.01 01:10:31.422,1.53442,1.53457,1.00,1.00
2017.12.01 01:10:31.731,1.53438,1.53455,1.00,1.31
2017.12.01 01:10:32.038,1.5344,1.53455,1.00,1.31
2017.12.01 01:10:33.732,1.53438,1.53456,1.00,1.00
2017.12.01 01:10:33.835,1.53445,1.53456,1.00,1.00
2017.12.01 01:10:33.886,1.53445,1.53463,1.50,1.87
2017.12.01 01:10:33.938,1.5345,1.53464,1.00,1.25
2017.12.01 01:10:33.990,1.53448,1.53464,1.50,1.25
2017.12.01 01:10:42.731,1.53446,1.53465,1.12,1.19
2017.12.01 01:10:42.782,1.53446,1.53465,1.75,1.19
2017.12.01 01:10:43.297,1.53447,1.53466,1.00,1.19
2017.12.01 01:10:43.611,1.53443,1.53461,1.37,1.00
2017.12.01 01:10:43.714,1.53442,1.53462,1.12,1.25
2017.12.01 01:10:44.268,1.53443,1.53463,1.00,1.69
2017.12.01 01:10:44.871,1.53443,1.53463,1.00,2.62
2017.12.01 01:10:44.974,1.53442,1.53461,1.00,3.00
2017.12.01 01:10:45.548,1.53441,1.53458,1.00,1.25
2017.12.01 01:10:46.118,1.5344,1.5346,1.00,2.06
2017.12.01 01:10:46.837,1.53439,1.53458,1.12,1.25
2017.12.01 01:10:47.807,1.53439,1.53459,1.12,1.50
2017.12.01 01:10:48.377,1.53439,1.53459,1.12,1.69
2017.12.01 01:10:49.129,1.53439,1.53459,1.12,1.69
2017.12.01 01:10:49.591,1.53441,1.53459,1.00,1.00
2017.12.01 01:10:50.447,1.53441,1.5346,1.00,1.25
2017.12.01 01:10:56.255,1.53441,1.53459,1.00,1.25
2017.12.01 01:10:56.387,1.53439,1.53459,1.12,1.25
2017.12.01 01:10:56.888,1.5344,1.53459,1.00,1.00
2017.12.01 01:11:00.138,1.53442,1.53461,1.25,1.12
2017.12.01 01:11:00.444,1.53451,1.53471,1.00,2.06
2017.12.01 01:11:00.652,1.53448,1.53469,1.00,2.44
2017.12.01 01:11:02.099,1.5345,1.53469,1.00,2.44
2017.12.01 01:11:02.673,1.5345,1.53468,1.00,1.31
2017.12.01 01:11:02.950,1.5345,1.53469,1.00,1.31
2017.12.01 01:11:03.475,1.53452,1.5347,1.00,1.50
2017.12.01 01:11:03.580,1.53453,1.53472,1.00,1.00
2017.12.01 01:11:03.788,1.53455,1.53475,1.00,1.31
2017.12.01 01:11:03.891,1.53457,1.53476,1.00,1.50
2017.12.01 01:11:04.198,1.53458,1.53479,1.00,1.44
2017.12.01 01:11:04.249,1.5346,1.5348,1.00,3.37
2017.12.01 01:11:04.422,1.53461,1.5348,1.00,1.69
2017.12.01 01:11:05.099,1.53461,1.5348,1.31,1.25
2017.12.01 01:11:05.700,1.53462,1.53481,1.00,2.06
2017.12.01 01:11:05.753,1.5346,1.53479,1.00,1.87
2017.12.01 01:11:06.086,1.53461,1.5348,1.19,2.00
2017.12.01 01:11:07.445,1.5346,1.53478,1.00,1.12
2017.12.01 01:11:07.497,1.53457,1.53478,1.00,1.12
2017.12.01 01:11:08.027,1.53457,1.53477,1.00,1.00
2017.12.01 01:11:11.212,1.53456,1.53477,1.31,1.00
2017.12.01 01:11:20.923,1.53456,1.53477,1.19,1.00
2017.12.01 01:11:23.049,1.53456,1.53478,1.19,2.44
2017.12.01 01:11:24.871,1.53456,1.53478,1.31,1.50
2017.12.01 01:11:35.255,1.53456,1.53478,2.62,1.00
2017.12.01 01:11:35.975,1.53457,1.53479,1.69,1.12
2017.12.01 01:11:40.908,1.53457,1.53479,1.50,1.87
2017.12.01 01:11:48.246,1.53457,1.53479,1.00,1.69
2017.12.01 01:11:53.038,1.53457,1.53479,1.00,1.69
2017.12.01 01:11:53.651,1.53456,1.53477,1.50,1.31
2017.12.01 01:11:53.958,1.53458,1.53478,1.00,2.44
2017.12.01 01:12:02.453,1.53458,1.53479,1.12,1.56
2017.12.01 01:12:03.313,1.53458,1.53479,1.12,1.31
2017.12.01 01:12:06.293,1.53458,1.53479,1.75,1.31
2017.12.01 01:12:07.787,1.53458,1.53479,1.75,1.19
2017.12.01 01:12:09.526,1.53457,1.53477,2.00,1.25
2017.12.01 01:12:10.285,1.53456,1.53472,1.12,1.12
2017.12.01 01:12:10.337,1.53452,1.53469,1.50,2.06
2017.12.01 01:12:10.389,1.53448,1.53467,1.87,1.00
2017.12.01 01:12:10.441,1.53447,1.53467,1.12,1.69
2017.12.01 01:12:10.544,1.53443,1.53464,2.81,1.00
2017.12.01 01:12:11.068,1.53444,1.53464,1.31,1.50
2017.12.01 01:12:11.588,1.53444,1.53465,1.94,2.44
2017.12.01 01:12:12.049,1.53448,1.53464,1.12,1.00
2017.12.01 01:12:12.354,1.53449,1.53467,1.50,1.00
2017.12.01 01:12:13.572,1.53448,1.53468,2.25,1.00
2017.12.01 01:12:14.109,1.53448,1.53469,2.25,1.00
2017.12.01 01:12:16.012,1.53449,1.53468,1.50,1.00
2017.12.01 01:12:16.513,1.53449,1.53467,1.50,1.00
2017.12.01 01:12:18.478,1.53449,1.53467,1.50,1.19
2017.12.01 01:12:21.310,1.53448,1.53467,1.75,2.06
2017.12.01 01:12:21.571,1.53446,1.53467,1.37,2.06
2017.12.01 01:12:21.749,1.53444,1.53465,1.12,1.69
2017.12.01 01:12:21.802,1.53442,1.53464,1.00,3.94
2017.12.01 01:12:21.857,1.53443,1.53464,1.50,2.25
2017.12.01 01:12:21.964,1.53441,1.53463,1.25,3.00
2017.12.01 01:12:22.521,1.53442,1.53462,1.00,1.75
2017.12.01 01:12:22.872,1.53443,1.53462,1.00,1.12
2017.12.01 01:12:23.879,1.53441,1.53463,1.25,3.00
2017.12.01 01:12:27.875,1.53442,1.53462,1.00,1.12
2017.12.01 01:12:28.601,1.53441,1.53462,1.00,1.12
2017.12.01 01:12:29.129,1.53441,1.53462,1.19,1.12
2017.12.01 01:12:29.898,1.53441,1.53462,1.31,1.12
2017.12.01 01:12:30.001,1.53441,1.53461,1.12,1.00
2017.12.01 01:12:30.104,1.53438,1.53457,2.44,1.00
2017.12.01 01:12:30.206,1.53439,1.53461,1.12,2.06
2017.12.01 01:12:30.258,1.53439,1.53458,1.75,1.00
2017.12.01 01:12:30.537,1.53439,1.5346,3.00,1.00
2017.12.01 01:12:31.313,1.53439,1.53459,3.00,1.00
2017.12.01 01:12:31.365,1.53439,1.53457,1.50,1.00
2017.12.01 01:12:35.661,1.53439,1.53459,1.69,1.00
2017.12.01 01:12:35.968,1.53438,1.53457,1.50,1.00
2017.12.01 01:12:36.280,1.53444,1.53465,1.00,2.44
2017.12.01 01:12:36.793,1.53445,1.53464,1.00,1.25
2017.12.01 01:12:41.700,1.53447,1.53466,1.00,1.31
2017.12.01 01:12:45.995,1.53449,1.53467,1.00,1.00
2017.12.01 01:12:46.341,1.53452,1.53472,1.00,2.25
2017.12.01 01:12:49.656,1.53452,1.53473,1.00,1.69
2017.12.01 01:12:49.759,1.53452,1.53473,1.00,2.00
2017.12.01 01:12:49.963,1.53454,1.53474,1.00,2.25
2017.12.01 01:12:50.633,1.53457,1.53476,1.00,1.00
2017.12.01 01:12:50.958,1.53459,1.53479,1.00,1.12
2017.12.01 01:12:51.963,1.5346,1.5348,1.00,2.25
2017.12.01 01:12:52.510,1.53459,1.5348,1.00,2.44
2017.12.01 01:12:57.073,1.5346,1.5348,1.00,2.44
2017.12.01 01:12:57.598,1.53459,1.53479,1.00,1.31
2017.12.01 01:12:58.170,1.53459,1.5348,1.00,3.00
2017.12.01 01:12:59.593,1.53459,1.53479,1.00,1.31
2017.12.01 01:13:00.268,1.53459,1.53479,1.00,1.69
2017.12.01 01:13:01.171,1.53458,1.53479,1.00,1.69
2017.12.01 01:13:04.158,1.53458,1.53479,1.69,2.06
2017.12.01 01:13:05.166,1.53458,1.53479,1.69,2.06
2017.12.01 01:13:05.734,1.53458,1.53479,1.69,2.06
2017.12.01 01:13:06.820,1.53458,1.53479,1.50,2.06
2017.12.01 01:13:07.166,1.53458,1.53478,1.25,1.31
2017.12.01 01:13:09.451,1.53456,1.53478,1.00,2.81
2017.12.01 01:13:09.553,1.53454,1.53472,1.37,1.00
2017.12.01 01:13:09.605,1.53451,1.53472,1.00,1.50
2017.12.01 01:13:09.707,1.53449,1.53471,2.06,1.12
2017.12.01 01:13:18.325,1.53454,1.53473,1.00,2.25
2017.12.01 01:13:18.428,1.53458,1.53477,1.87,1.00
2017.12.01 01:13:18.531,1.53462,1.53478,1.12,1.00
2017.12.01 01:13:18.583,1.53463,1.53483,1.00,1.00
2017.12.01 01:13:18.949,1.53463,1.53485,1.37,1.50
2017.12.01 01:13:19.001,1.53463,1.53482,1.37,1.00
2017.12.01 01:13:19.155,1.53463,1.53485,1.37,1.50
2017.12.01 01:13:20.087,1.53463,1.53483,1.37,1.00
2017.12.01 01:13:20.566,1.53463,1.53485,1.37,1.50
2017.12.01 01:13:21.570,1.53463,1.53484,1.37,1.00
2017.12.01 01:13:22.176,1.53462,1.53484,1.50,2.62
2017.12.01 01:13:23.362,1.53462,1.53483,1.12,1.00
2017.12.01 01:13:23.849,1.53462,1.53484,1.75,1.00
2017.12.01 01:13:23.951,1.53462,1.53484,1.12,1.12
2017.12.01 01:13:24.477,1.53462,1.53483,1.12,1.00
2017.12.01 01:13:25.014,1.53462,1.53484,1.12,1.12
2017.12.01 01:13:29.946,1.53462,1.53481,1.12,1.25
2017.12.01 01:13:30.152,1.53459,1.53481,1.00,3.19
2017.12.01 01:13:39.947,1.5346,1.53481,1.00,1.75
2017.12.01 01:13:39.998,1.53459,1.53481,2.06,1.00
2017.12.01 01:13:40.101,1.5346,1.53482,3.19,1.00
2017.12.01 01:13:40.255,1.5346,1.53482,2.06,1.87
2017.12.01 01:13:40.858,1.5346,1.53482,2.06,2.62
2017.12.01 01:13:41.063,1.53459,1.53481,1.31,2.44
2017.12.01 01:13:41.219,1.53455,1.53478,2.44,1.12
2017.12.01 01:13:41.322,1.53458,1.5348,1.19,2.25
2017.12.01 01:13:41.476,1.53455,1.53477,1.19,1.12
2017.12.01 01:13:42.521,1.53455,1.53475,1.19,1.00
2017.12.01 01:13:43.128,1.53455,1.53476,1.19,1.00
2017.12.01 01:13:45.617,1.53455,1.53477,1.69,1.00
2017.12.01 01:13:45.975,1.53454,1.53476,1.31,2.25
2017.12.01 01:13:46.027,1.53454,1.53476,1.25,2.25
2017.12.01 01:13:56.447,1.53454,1.53473,1.00,1.00
2017.12.01 01:13:56.553,1.5345,1.53473,2.25,1.19
2017.12.01 01:13:56.612,1.53452,1.53473,1.75,1.69
2017.12.01 01:13:56.717,1.53451,1.53473,2.62,1.00
2017.12.01 01:13:56.925,1.53453,1.53475,1.50,1.25
2017.12.01 01:13:58.876,1.53453,1.53476,1.50,3.75
2017.12.01 01:14:01.636,1.53453,1.53473,2.25,1.00
2017.12.01 01:14:01.738,1.53453,1.53476,2.81,1.31
2017.12.01 01:14:01.891,1.53453,1.53474,2.62,1.00
2017.12.01 01:14:02.044,1.53454,1.53476,1.31,1.31
2017.12.01 01:14:02.405,1.53453,1.53473,2.62,1.00
2017.12.01 01:14:02.938,1.53454,1.53474,1.31,1.00
2017.12.01 01:14:06.074,1.53453,1.53476,1.25,3.56
2017.12.01 01:14:06.559,1.53456,1.53477,1.00,1.19
2017.12.01 01:14:06.867,1.53453,1.53474,1.31,1.00
2017.12.01 01:14:07.007,1.53452,1.53475,2.25,2.44
2017.12.01 01:14:07.060,1.53452,1.53474,1.87,1.00
2017.12.01 01:14:08.245,1.53452,1.53474,1.69,1.00
2017.12.01 01:14:08.465,1.53457,1.53478,1.00,2.25
2017.12.01 01:14:12.604,1.53456,1.53478,1.69,1.69
2017.12.01 01:14:13.999,1.53456,1.53478,2.44,1.19
2017.12.01 01:14:14.307,1.53454,1.53474,1.19,1.00
2017.12.01 01:14:15.584,1.53454,1.53477,1.19,2.62
2017.12.01 01:14:15.907,1.53459,1.5348,1.69,1.50
2017.12.01 01:14:16.246,1.5346,1.53483,1.69,2.44
2017.12.01 01:14:16.298,1.53461,1.53483,1.69,1.31
2017.12.01 01:14:16.504,1.53466,1.53487,2.06,1.50
2017.12.01 01:14:16.805,1.53466,1.53488,1.12,2.06
2017.12.01 01:14:17.576,1.53464,1.53487,1.69,2.00
2017.12.01 01:14:17.900,1.53465,1.53487,1.19,1.75
2017.12.01 01:14:18.226,1.53467,1.53489,2.06,2.62
2017.12.01 01:14:18.384,1.53465,1.53486,1.25,1.75
2017.12.01 01:14:20.868,1.53465,1.53486,1.69,1.75
2017.12.01 01:14:24.977,1.53465,1.53486,1.69,1.75
2017.12.01 01:14:25.029,1.53463,1.53485,2.81,1.75
2017.12.01 01:14:25.132,1.53463,1.53486,1.25,2.44
2017.12.01 01:14:25.236,1.53464,1.53484,1.19,1.75
2017.12.01 01:14:25.438,1.53465,1.53485,1.25,1.00
2017.12.01 01:14:25.980,1.53465,1.53488,1.25,4.31
2017.12.01 01:14:26.581,1.53471,1.53488,1.00,1.75
2017.12.01 01:14:26.634,1.53468,1.53488,1.25,1.75
2017.12.01 01:14:26.687,1.53467,1.53489,2.44,1.00
2017.12.01 01:14:26.740,1.53468,1.5349,1.19,3.37
2017.12.01 01:14:26.896,1.53467,1.5349,2.44,2.81
2017.12.01 01:14:27.153,1.53469,1.53491,2.06,2.25
2017.12.01 01:14:27.354,1.53472,1.53494,2.06,1.00
2017.12.01 01:14:27.868,1.53475,1.53497,1.31,2.00
2017.12.01 01:14:27.920,1.53475,1.53498,2.81,2.62
2017.12.01 01:14:28.234,1.53477,1.53497,1.31,1.00
2017.12.01 01:14:28.892,1.53476,1.53496,1.56,1.00
2017.12.01 01:14:29.456,1.53476,1.53497,1.56,1.00
2017.12.01 01:14:29.989,1.53476,1.53496,2.06,1.00
2017.12.01 01:14:31.229,1.53476,1.53497,2.06,1.00
2017.12.01 01:14:31.576,1.53476,1.53495,1.31,1.12
2017.12.01 01:14:31.743,1.53474,1.53494,1.31,1.00
2017.12.01 01:14:31.795,1.53471,1.53493,5.25,1.00
2017.12.01 01:14:35.121,1.53472,1.53494,3.56,1.25
2017.12.01 01:14:35.327,1.53474,1.53495,1.56,1.12
2017.12.01 01:14:35.585,1.53472,1.53493,2.06,1.00
2017.12.01 01:14:35.792,1.53472,1.53492,1.00,1.00
2017.12.01 01:14:36.342,1.53469,1.53492,1.87,1.00
2017.12.01 01:14:36.930,1.53469,1.53491,2.62,1.00
2017.12.01 01:14:37.449,1.53472,1.53491,1.00,1.00
2017.12.01 01:14:38.510,1.53472,1.53492,1.00,1.00
2017.12.01 01:14:38.797,1.53474,1.53495,1.00,1.00
2017.12.01 01:14:38.934,1.53473,1.53493,1.37,1.00
2017.12.01 01:14:39.242,1.53471,1.5349,1.00,1.00
2017.12.01 01:14:40.057,1.53471,1.53492,1.00,1.00
2017.12.01 01:14:40.638,1.53471,1.53492,1.50,1.00
2017.12.01 01:14:41.880,1.53469,1.53492,4.87,1.12
2017.12.01 01:14:41.983,1.53472,1.53492,1.75,1.00
2017.12.01 01:14:42.034,1.53472,1.53494,1.75,1.00
2017.12.01 01:14:42.665,1.53471,1.53494,2.00,1.00
2017.12.01 01:14:42.869,1.5347,1.53491,2.44,1.00
2017.12.01 01:14:42.973,1.53469,1.5349,2.44,1.00
2017.12.01 01:14:43.487,1.5347,1.53491,1.50,1.00
2017.12.01 01:14:44.180,1.5347,1.53492,2.62,1.00
2017.12.01 01:14:45.451,1.53472,1.53492,1.00,1.31
2017.12.01 01:14:45.607,1.53469,1.5349,2.62,1.00
2017.12.01 01:14:45.659,1.53469,1.53489,1.50,1.00
2017.12.01 01:14:45.763,1.53466,1.53486,1.31,1.00
2017.12.01 01:14:46.255,1.53468,1.53489,1.12,2.06
2017.12.01 01:14:46.566,1.53469,1.53489,1.50,1.00
2017.12.01 01:14:47.566,1.53468,1.5349,1.94,1.25
2017.12.01 01:14:47.883,1.53471,1.53491,1.50,1.12
2017.12.01 01:14:48.397,1.5347,1.53488,1.00,1.00
2017.12.01 01:14:48.552,1.53466,1.53487,2.25,1.00
2017.12.01 01:14:48.604,1.53466,1.53487,2.25,2.25
2017.12.01 01:14:49.156,1.53466,1.53487,1.50,1.25
2017.12.01 01:14:50.142,1.53469,1.53489,1.69,1.37
2017.12.01 01:14:50.245,1.53469,1.5349,1.37,1.25
2017.12.01 01:14:50.611,1.5347,1.53492,2.25,2.25
2017.12.01 01:14:51.126,1.53472,1.53493,1.00,1.25
2017.12.01 01:14:51.435,1.53472,1.53492,1.00,1.37
2017.12.01 01:14:51.489,1.5347,1.53492,2.06,1.37
2017.12.01 01:14:52.003,1.5347,1.5349,1.69,1.00
2017.12.01 01:14:52.516,1.5347,1.53491,1.50,1.12
2017.12.01 01:14:53.572,1.5347,1.53491,1.50,1.12
2017.12.01 01:14:54.974,1.5347,1.53492,1.12,1.87
2017.12.01 01:14:55.862,1.5347,1.53492,1.31,1.37
2017.12.01 01:14:56.717,1.53471,1.53491,1.00,1.12
2017.12.01 01:14:57.052,1.53466,1.53486,2.25,1.69
2017.12.01 01:14:57.104,1.53461,1.53484,2.06,1.00
2017.12.01 01:14:57.157,1.53462,1.53483,2.25,2.25
2017.12.01 01:14:57.305,1.53462,1.53485,1.50,1.31
2017.12.01 01:14:57.356,1.53462,1.53483,1.25,1.00
2017.12.01 01:14:57.408,1.53462,1.53485,1.69,1.31
2017.12.01 01:14:57.948,1.53462,1.53484,2.06,1.00
2017.12.01 01:14:58.205,1.53463,1.53486,2.06,2.44
2017.12.01 01:14:58.451,1.53465,1.53486,1.00,1.87
2017.12.01 01:14:58.660,1.53463,1.53485,1.50,1.12
2017.12.01 01:14:59.397,1.53463,1.53484,1.25,1.00
2017.12.01 01:14:59.499,1.53465,1.53485,1.25,1.87
2017.12.01 01:15:00.031,1.53465,1.53484,1.00,1.00
2017.12.01 01:15:01.078,1.53463,1.53484,1.25,1.00
2017.12.01 01:15:01.484,1.53462,1.53482,1.00,1.00
2017.12.01 01:15:01.586,1.53459,1.53481,1.44,1.12
2017.12.01 01:15:02.096,1.53459,1.53481,1.12,2.81
2017.12.01 01:15:02.885,1.5346,1.53481,1.00,2.81
2017.12.01 01:15:03.391,1.53461,1.53481,1.00,1.50
2017.12.01 01:15:04.354,1.53459,1.53481,1.50,2.06
2017.12.01 01:15:07.369,1.5346,1.53482,1.00,2.81
2017.12.01 01:15:08.875,1.53461,1.53482,2.25,1.87
2017.12.01 01:15:08.978,1.53463,1.53482,1.00,1.00
2017.12.01 01:15:09.239,1.53463,1.53485,2.25,2.06
2017.12.01 01:15:09.768,1.53462,1.53484,1.50,1.25
2017.12.01 01:15:10.176,1.53462,1.53482,1.69,1.00
2017.12.01 01:15:12.885,1.53462,1.53483,1.00,1.00
2017.12.01 01:15:13.498,1.53462,1.53484,1.25,1.25
2017.12.01 01:15:14.049,1.53462,1.53483,1.25,1.00
2017.12.01 01:15:14.469,1.5346,1.53483,1.50,1.50
2017.12.01 01:15:14.522,1.53458,1.53481,1.87,1.00
2017.12.01 01:15:15.205,1.53458,1.53481,1.50,1.00
2017.12.01 01:15:16.949,1.53458,1.5348,1.25,1.00
2017.12.01 01:15:17.488,1.53457,1.53479,1.00,1.00
2017.12.01 01:15:20.168,1.53457,1.53481,2.06,1.69
2017.12.01 01:15:20.710,1.53457,1.5348,2.81,1.00
2017.12.01 01:15:21.473,1.53457,1.53481,2.81,1.69
2017.12.01 01:15:21.821,1.53462,1.5348,1.25,1.00
2017.12.01 01:15:21.873,1.53464,1.53484,1.50,1.00
2017.12.01 01:15:23.223,1.53463,1.53484,1.69,1.25
2017.12.01 01:15:23.731,1.53464,1.53484,1.00,1.25
2017.12.01 01:15:24.771,1.53463,1.53483,1.00,1.00
2017.12.01 01:15:25.276,1.53462,1.53483,1.00,1.00
2017.12.01 01:15:29.398,1.53462,1.53484,1.00,1.25
2017.12.01 01:15:30.146,1.53462,1.53483,1.00,1.00
2017.12.01 01:15:30.907,1.53461,1.53483,1.50,1.00
2017.12.01 01:15:31.262,1.53459,1.53481,1.69,1.00
2017.12.01 01:15:31.812,1.53462,1.53483,1.00,1.50
2017.12.01 01:15:32.341,1.53461,1.5348,1.00,1.00
2017.12.01 01:15:32.392,1.53458,1.5348,1.50,1.00
2017.12.01 01:15:32.972,1.53458,1.53479,1.00,1.00
2017.12.01 01:15:37.083,1.53459,1.5348,1.00,1.25
2017.12.01 01:15:37.414,1.53462,1.53481,1.00,1.00
2017.12.01 01:15:37.621,1.53458,1.53481,2.81,1.50
2017.12.01 01:15:38.224,1.53458,1.5348,1.50,1.25
2017.12.01 01:15:38.726,1.53459,1.5348,1.00,1.25
2017.12.01 01:15:40.182,1.53458,1.5348,1.00,1.25
2017.12.01 01:15:40.689,1.53458,1.53481,2.44,2.06
2017.12.01 01:15:41.275,1.53459,1.53481,1.25,1.00
2017.12.01 01:15:42.014,1.53461,1.53481,1.00,1.00
2017.12.01 01:15:42.168,1.53458,1.5348,1.25,1.00
2017.12.01 01:15:43.907,1.53461,1.53481,1.00,1.00
2017.12.01 01:15:44.051,1.53462,1.53484,1.50,1.25
2017.12.01 01:15:44.257,1.5346,1.53481,1.69,1.00
2017.12.01 01:15:44.546,1.53461,1.53483,1.00,1.00
2017.12.01 01:15:44.803,1.53459,1.53481,1.12,1.00
2017.12.01 01:15:46.600,1.53459,1.53482,2.06,1.25
2017.12.01 01:15:47.046,1.53458,1.5348,1.31,1.00
2017.12.01 01:15:47.581,1.53457,1.5348,3.19,1.00
2017.12.01 01:15:48.085,1.53457,1.5348,3.19,1.00
2017.12.01 01:15:48.677,1.53459,1.5348,1.00,1.00
2017.12.01 01:15:51.125,1.53458,1.5348,1.25,1.00
2017.12.01 01:15:51.617,1.53466,1.53485,1.00,1.00
2017.12.01 01:15:51.810,1.53464,1.53485,1.12,1.00
2017.12.01 01:15:51.862,1.53461,1.53483,1.87,1.69
2017.12.01 01:15:51.915,1.53459,1.5348,1.00,1.00
2017.12.01 01:15:51.967,1.53457,1.53477,1.75,1.00
2017.12.01 01:15:52.020,1.53456,1.53477,1.69,1.00
2017.12.01 01:15:52.586,1.5346,1.53478,1.00,1.00
2017.12.01 01:15:52.691,1.53461,1.53482,1.25,1.69
2017.12.01 01:15:53.586,1.53462,1.53482,1.12,1.00
2017.12.01 01:15:53.638,1.53462,1.53484,1.12,2.44
2017.12.01 01:15:54.094,1.5346,1.53482,1.75,1.00
2017.12.01 01:15:54.198,1.53459,1.5348,1.12,1.00
2017.12.01 01:15:54.303,1.53456,1.53479,2.44,1.00
2017.12.01 01:15:54.841,1.53456,1.53479,1.12,2.44
2017.12.01 01:15:55.291,1.53455,1.53477,1.87,1.00
2017.12.01 01:15:55.549,1.53454,1.53476,1.12,1.00
2017.12.01 01:15:56.118,1.53454,1.53475,1.50,1.00
2017.12.01 01:15:56.634,1.53454,1.53475,1.12,1.00
2017.12.01 01:16:03.099,1.53454,1.53475,1.00,1.56
2017.12.01 01:16:04.826,1.53454,1.53474,1.12,1.31
2017.12.01 01:16:07.280,1.53454,1.53474,1.12,1.19
2017.12.01 01:16:07.572,1.53454,1.53476,3.00,1.19
2017.12.01 01:16:07.624,1.53458,1.53479,1.00,1.31
2017.12.01 01:16:07.965,1.53458,1.53479,1.75,1.31
2017.12.01 01:16:09.935,1.53457,1.53479,1.50,1.19
2017.12.01 01:16:10.243,1.53453,1.53475,3.19,1.31
2017.12.01 01:16:13.618,1.53452,1.53475,1.50,1.31
2017.12.01 01:16:14.691,1.53453,1.53475,1.00,2.06
2017.12.01 01:16:16.391,1.53452,1.53474,2.44,1.31
2017.12.01 01:16:16.828,1.5345,1.5347,1.50,1.31
2017.12.01 01:16:17.130,1.53448,1.5347,1.50,2.06
2017.12.01 01:16:17.686,1.53448,1.5347,1.75,1.31
2017.12.01 01:16:18.303,1.53448,1.5347,1.75,1.19
2017.12.01 01:16:18.628,1.53452,1.53471,1.12,1.31
2017.12.01 01:16:18.731,1.53453,1.53474,1.50,1.31
2017.12.01 01:16:19.268,1.53453,1.53474,1.50,1.31
2017.12.01 01:16:19.857,1.53453,1.53475,1.50,1.31
2017.12.01 01:16:21.396,1.53453,1.53475,1.12,1.31
2017.12.01 01:16:21.934,1.53453,1.53475,1.50,1.31
2017.12.01 01:16:22.480,1.53453,1.53475,1.12,2.06
2017.12.01 01:16:23.110,1.53454,1.53475,1.00,1.31
2017.12.01 01:16:26.087,1.53454,1.53477,1.00,3.75
2017.12.01 01:16:28.260,1.53452,1.53473,1.12,1.19
2017.12.01 01:16:28.573,1.53451,1.53472,1.00,1.56
2017.12.01 01:16:30.083,1.53452,1.53474,1.00,1.81
2017.12.01 01:16:30.587,1.53451,1.53473,1.00,2.25
2017.12.01 01:16:31.221,1.53451,1.53472,1.00,2.44
2017.12.01 01:16:32.306,1.5345,1.53471,1.00,1.50
2017.12.01 01:16:32.506,1.53453,1.53473,1.00,1.00
2017.12.01 01:16:32.559,1.53451,1.53472,1.50,1.00
2017.12.01 01:16:32.664,1.53449,1.53471,1.00,2.81
2017.12.01 01:16:32.717,1.53447,1.53469,1.12,1.19
2017.12.01 01:16:32.820,1.53448,1.53469,1.37,1.00
2017.12.01 01:16:33.027,1.53449,1.53471,1.00,1.87
2017.12.01 01:16:33.547,1.5345,1.53472,1.00,1.87
2017.12.01 01:16:33.649,1.5345,1.53469,1.00,1.31
2017.12.01 01:16:34.160,1.53449,1.53469,1.00,1.31
2017.12.01 01:16:34.502,1.53449,1.5347,1.00,1.31
2017.12.01 01:16:35.836,1.53448,1.5347,1.50,1.31
2017.12.01 01:16:35.939,1.53447,1.5347,1.31,2.81
2017.12.01 01:16:36.246,1.53449,1.53469,1.00,1.56
2017.12.01 01:16:36.708,1.53449,1.53469,1.75,1.56
2017.12.01 01:16:37.453,1.53449,1.53468,2.25,1.19
2017.12.01 01:16:39.024,1.53449,1.53468,2.25,1.56
2017.12.01 01:16:41.128,1.53447,1.53469,2.62,1.56
2017.12.01 01:16:41.231,1.53447,1.53468,1.12,1.56
2017.12.01 01:16:41.928,1.53446,1.53468,1.12,1.81
2017.12.01 01:16:42.556,1.53446,1.53468,1.00,1.37
2017.12.01 01:16:43.065,1.53447,1.53468,1.00,1.37
2017.12.01 01:16:44.188,1.53449,1.5347,1.00,1.69
2017.12.01 01:16:49.219,1.53449,1.53472,2.06,2.06
2017.12.01 01:16:50.508,1.53449,1.53472,2.06,2.06
2017.12.01 01:16:55.123,1.5345,1.53471,1.12,1.69
2017.12.01 01:16:56.195,1.5345,1.53471,1.87,1.00
2017.12.01 01:16:56.247,1.53453,1.53475,1.00,3.56
2017.12.01 01:16:56.748,1.53452,1.53472,1.50,1.00
2017.12.01 01:16:58.311,1.53451,1.53471,1.87,1.00
2017.12.01 01:17:02.415,1.53452,1.53474,1.00,3.19
2017.12.01 01:17:02.976,1.53452,1.53474,1.00,3.19
2017.12.01 01:17:07.258,1.53451,1.53473,1.50,1.44
2017.12.01 01:17:07.310,1.53451,1.53473,1.50,2.25
2017.12.01 01:17:08.253,1.53448,1.53469,1.12,1.31
2017.12.01 01:17:08.407,1.53449,1.53471,1.00,2.44
2017.12.01 01:17:08.459,1.53449,1.53472,1.75,3.56
2017.12.01 01:17:08.562,1.53449,1.53471,2.25,1.69
2017.12.01 01:17:08.665,1.53449,1.53471,2.62,1.31
2017.12.01 01:17:09.664,1.5345,1.53472,1.75,1.69
2017.12.01 01:17:11.169,1.5345,1.53472,2.00,1.25
2017.12.01 01:17:13.762,1.53452,1.53474,1.12,3.37
2017.12.01 01:17:29.241,1.53453,1.53473,1.00,1.31
2017.12.01 01:17:31.888,1.53453,1.53473,1.50,1.31
2017.12.01 01:17:32.419,1.53453,1.53476,1.50,4.31
2017.12.01 01:17:35.041,1.53454,1.53473,1.12,1.31
2017.12.01 01:17:55.023,1.53452,1.53474,3.00,1.50
2017.12.01 01:17:56.216,1.53452,1.53474,3.00,1.56
2017.12.01 01:17:58.257,1.53455,1.53473,1.00,1.31
2017.12.01 01:17:59.328,1.53454,1.53473,1.12,1.31
2017.12.01 01:18:07.875,1.53455,1.53473,1.00,1.31
2017.12.01 01:18:08.382,1.53454,1.53473,1.87,1.31
2017.12.01 01:18:08.908,1.53455,1.53473,1.00,1.31
2017.12.01 01:18:09.469,1.53454,1.53473,1.87,1.31
2017.12.01 01:18:10.077,1.53455,1.53473,1.00,1.31
2017.12.01 01:18:10.734,1.53455,1.53473,1.00,1.19
2017.12.01 01:18:11.245,1.53454,1.53474,1.87,1.31
2017.12.01 01:18:11.814,1.53455,1.53474,1.00,1.31
2017.12.01 01:18:12.467,1.53454,1.53474,1.87,1.31
2017.12.01 01:18:13.461,1.53455,1.53474,1.00,1.31
2017.12.01 01:18:13.955,1.53455,1.53474,1.00,1.56
2017.12.01 01:18:17.550,1.53454,1.53473,1.87,1.31
2017.12.01 01:18:18.519,1.53455,1.53473,1.00,1.31
2017.12.01 01:18:21.436,1.53454,1.53473,1.87,1.31
2017.12.01 01:18:22.163,1.53455,1.53473,1.00,1.31
2017.12.01 01:18:22.713,1.53454,1.53473,1.87,1.31
2017.12.01 01:18:23.236,1.53454,1.53473,2.25,1.31
2017.12.01 01:18:25.436,1.53455,1.53473,1.12,1.19
2017.12.01 01:18:26.542,1.53454,1.53474,1.00,1.31
2017.12.01 01:18:26.727,1.53454,1.53473,1.00,1.31
2017.12.01 01:18:27.398,1.53454,1.53473,1.50,1.31
2017.12.01 01:18:28.419,1.53454,1.53474,1.50,1.31
2017.12.01 01:18:30.628,1.53454,1.53474,1.00,1.31
2017.12.01 01:18:31.809,1.53454,1.53474,1.00,1.56
2017.12.01 01:18:36.178,1.53453,1.53473,1.12,1.31
2017.12.01 01:18:36.813,1.53451,1.5347,1.00,1.31
2017.12.01 01:18:37.121,1.53448,1.53468,1.00,1.31
2017.12.01 01:18:39.290,1.53448,1.53467,1.50,1.56
2017.12.01 01:18:39.946,1.53448,1.53468,1.50,1.56
2017.12.01 01:18:44.637,1.53448,1.53468,2.25,1.69
2017.12.01 01:18:54.145,1.53452,1.53469,1.00,1.25
2017.12.01 01:18:54.197,1.5345,1.53469,1.00,1.25
2017.12.01 01:18:54.711,1.53449,1.5347,1.00,1.19
2017.12.01 01:18:56.428,1.53451,1.53471,1.00,1.69
2017.12.01 01:18:58.309,1.53451,1.53471,1.00,1.31
2017.12.01 01:18:59.118,1.5345,1.5347,1.00,1.25
2017.12.01 01:18:59.430,1.5345,1.53469,1.00,1.31
2017.12.01 01:19:01.743,1.5345,1.53472,1.25,4.31
2017.12.01 01:19:01.795,1.53452,1.53472,1.00,2.00
2017.12.01 01:19:01.847,1.53452,1.53473,1.12,1.69
2017.12.01 01:19:01.899,1.53452,1.53473,1.12,2.81
2017.12.01 01:19:02.744,1.53451,1.53471,1.00,1.19
2017.12.01 01:19:03.812,1.5345,1.53471,1.50,1.69
2017.12.01 01:19:06.134,1.53449,1.5347,1.00,1.31
2017.12.01 01:19:06.685,1.53449,1.53469,1.00,1.00
2017.12.01 01:19:07.557,1.53449,1.5347,1.00,1.31
2017.12.01 01:19:08.084,1.5345,1.5347,1.00,1.31
2017.12.01 01:19:08.766,1.53449,1.5347,1.00,1.31
2017.12.01 01:19:09.323,1.53449,1.5347,1.00,1.50
2017.12.01 01:19:10.191,1.53449,1.5347,1.50,1.12
2017.12.01 01:19:10.964,1.53452,1.53471,1.87,1.00
2017.12.01 01:19:11.018,1.53452,1.53473,1.87,1.00
2017.12.01 01:19:11.071,1.53453,1.53474,1.19,1.00
2017.12.01 01:19:11.227,1.5345,1.53472,3.00,1.69
2017.12.01 01:19:11.278,1.5345,1.53472,1.50,2.25
2017.12.01 01:19:11.600,1.53449,1.53469,1.12,1.00
2017.12.01 01:19:13.437,1.5345,1.53469,1.00,1.00
2017.12.01 01:19:13.599,1.53452,1.53471,1.50,1.25
2017.12.01 01:19:14.665,1.53452,1.5347,1.00,1.00
2017.12.01 01:19:15.198,1.53451,1.5347,1.00,1.00
2017.12.01 01:19:23.796,1.53452,1.53472,1.00,1.19
2017.12.01 01:19:24.307,1.53452,1.5347,1.00,1.00
2017.12.01 01:19:24.630,1.53455,1.53473,1.12,1.00
2017.12.01 01:19:25.348,1.53453,1.53472,2.25,1.00
2017.12.01 01:19:25.400,1.53453,1.53472,1.50,1.00
2017.12.01 01:19:26.132,1.53453,1.53471,1.50,1.00
2017.12.01 01:19:27.012,1.53452,1.53471,1.12,1.25
2017.12.01 01:19:27.524,1.53452,1.5347,1.12,1.00
2017.12.01 01:19:28.649,1.5345,1.53471,2.25,1.25
2017.12.01 01:19:31.108,1.53451,1.53471,1.50,1.31
2017.12.01 01:19:31.160,1.5345,1.53471,1.00,1.31
2017.12.01 01:19:31.946,1.53452,1.53471,1.56,1.44
2017.12.01 01:19:31.998,1.53453,1.53473,1.31,1.87
2017.12.01 01:19:32.050,1.53452,1.53473,1.12,1.12
2017.12.01 01:19:32.153,1.53453,1.53473,1.00,1.19
2017.12.01 01:19:32.510,1.53451,1.5347,1.87,1.00
2017.12.01 01:19:33.286,1.53452,1.5347,1.00,1.00
2017.12.01 01:19:33.838,1.53451,1.5347,1.12,1.00
2017.12.01 01:19:34.347,1.53452,1.5347,1.00,1.00
2017.12.01 01:19:38.784,1.53453,1.53472,1.12,1.19
2017.12.01 01:19:38.939,1.53453,1.53473,1.75,1.00
2017.12.01 01:19:39.375,1.53454,1.53471,1.00,1.00
2017.12.01 01:19:39.479,1.53454,1.53473,1.00,1.00
2017.12.01 01:19:40.015,1.53454,1.53473,1.50,1.00
2017.12.01 01:19:41.810,1.53455,1.53475,1.12,1.31
2017.12.01 01:19:42.362,1.53454,1.53473,1.50,1.00
2017.12.01 01:19:43.296,1.53454,1.53471,1.00,1.00
2017.12.01 01:19:43.856,1.53454,1.53472,1.00,1.00
2017.12.01 01:19:45.247,1.53452,1.53472,1.50,1.00
2017.12.01 01:19:45.991,1.53452,1.53472,1.00,1.31
2017.12.01 01:19:46.534,1.53451,1.53472,1.00,1.31
2017.12.01 01:19:46.858,1.53451,1.53472,1.37,1.19
2017.12.01 01:19:46.961,1.53451,1.53472,1.12,1.31
2017.12.01 01:19:49.343,1.53452,1.5347,1.00,1.25
2017.12.01 01:19:49.526,1.5345,1.5347,2.25,1.25
2017.12.01 01:19:50.294,1.53451,1.5347,1.00,1.25
2017.12.01 01:19:53.618,1.53451,1.5347,1.00,1.19
2017.12.01 01:19:57.428,1.53451,1.5347,1.00,1.25
2017.12.01 01:19:59.505,1.53452,1.5347,1.00,1.25
2017.12.01 01:20:04.316,1.53452,1.5347,1.00,1.19
2017.12.01 01:20:07.838,1.53451,1.5347,1.00,1.19
2017.12.01 01:20:20.164,1.5345,1.5347,1.00,1.19
2017.12.01 01:20:20.711,1.53451,1.5347,1.00,1.19
2017.12.01 01:20:24.853,1.53451,1.5347,1.00,1.50
2017.12.01 01:20:26.808,1.5345,1.5347,1.00,2.25
2017.12.01 01:20:28.998,1.53451,1.5347,1.00,1.19
2017.12.01 01:20:30.182,1.53452,1.5347,1.00,1.19
2017.12.01 01:20:30.725,1.53454,1.53472,1.00,1.56
2017.12.01 01:20:31.231,1.53453,1.53472,1.12,1.56
2017.12.01 01:20:31.774,1.53452,1.53471,1.00,1.19
2017.12.01 01:20:32.320,1.53451,1.5347,1.00,1.19
2017.12.01 01:20:40.210,1.53449,1.5347,2.25,1.19
2017.12.01 01:20:54.464,1.5345,1.5347,1.50,1.00
2017.12.01 01:20:54.772,1.53453,1.53474,1.00,3.94
2017.12.01 01:20:55.250,1.53451,1.53471,1.12,1.12
2017.12.01 01:20:55.302,1.53451,1.53471,1.00,1.87
2017.12.01 01:20:56.247,1.5345,1.5347,1.00,1.19
2017.12.01 01:20:58.113,1.5345,1.5347,1.00,1.25
2017.12.01 01:21:02.050,1.53451,1.5347,1.00,1.25
2017.12.01 01:21:02.582,1.53452,1.53472,1.50,1.56
2017.12.01 01:21:02.685,1.53453,1.53474,1.00,2.06
2017.12.01 01:21:03.632,1.53454,1.53475,1.87,2.25
2017.12.01 01:21:03.999,1.53454,1.53476,3.00,1.12
2017.12.01 01:21:04.529,1.53455,1.53476,1.37,1.00
2017.12.01 01:21:08.297,1.53453,1.53472,1.12,1.00
2017.12.01 01:21:08.605,1.5345,1.53472,1.75,2.06
2017.12.01 01:21:09.399,1.53451,1.53472,1.75,1.31
2017.12.01 01:21:09.700,1.53453,1.53473,1.75,2.06
2017.12.01 01:21:14.227,1.53452,1.5347,1.75,1.19
2017.12.01 01:21:14.280,1.53449,1.5347,1.00,1.69
2017.12.01 01:21:14.383,1.53448,1.53467,1.00,1.25
2017.12.01 01:21:14.691,1.53451,1.53466,1.00,1.00
2017.12.01 01:21:14.796,1.53446,1.53465,1.12,1.31
2017.12.01 01:21:16.699,1.53444,1.53464,1.75,2.06
2017.12.01 01:21:17.714,1.53444,1.53464,1.87,2.06
2017.12.01 01:21:20.053,1.53443,1.53462,1.00,1.19
2017.12.01 01:21:21.237,1.53443,1.53462,1.00,1.00
2017.12.01 01:21:21.880,1.53446,1.53464,1.00,1.25
2017.12.01 01:21:22.781,1.53445,1.53464,1.12,1.00
2017.12.01 01:21:23.308,1.53443,1.53463,2.25,1.00
2017.12.01 01:21:24.811,1.53444,1.53464,1.50,1.00
2017.12.01 01:21:26.709,1.53444,1.53463,1.50,1.00
2017.12.01 01:21:27.300,1.53444,1.53463,1.00,1.00
2017.12.01 01:21:28.834,1.53444,1.53464,1.00,1.00
2017.12.01 01:21:29.351,1.53444,1.53465,1.50,1.25
2017.12.01 01:21:34.445,1.53444,1.53464,1.50,1.00
2017.12.01 01:21:37.459,1.53446,1.53464,1.00,1.00
2017.12.01 01:21:38.594,1.53446,1.53465,1.00,1.00
2017.12.01 01:21:38.908,1.53448,1.53467,1.19,1.12
2017.12.01 01:21:39.080,1.53448,1.53468,1.50,1.25
2017.12.01 01:21:39.133,1.5345,1.5347,1.00,1.19
2017.12.01 01:21:39.444,1.53447,1.53467,1.00,1.19
2017.12.01 01:21:39.981,1.53446,1.53467,1.25,1.19
2017.12.01 01:21:40.516,1.53447,1.53467,1.00,1.19
2017.12.01 01:21:42.019,1.53446,1.53467,1.50,1.69
2017.12.01 01:21:42.661,1.53447,1.53467,1.00,1.69
2017.12.01 01:21:45.043,1.53448,1.53467,1.00,2.25
2017.12.01 01:21:45.198,1.53446,1.53465,1.12,1.00
2017.12.01 01:21:45.250,1.53445,1.53462,1.87,1.00
2017.12.01 01:21:45.302,1.53445,1.53464,1.37,1.00
2017.12.01 01:21:47.357,1.53445,1.53466,2.62,1.37
2017.12.01 01:21:48.061,1.53446,1.53466,1.50,1.00
2017.12.01 01:21:48.929,1.53447,1.53467,1.12,1.00
2017.12.01 01:21:51.258,1.53447,1.53467,1.00,1.50
2017.12.01 01:21:52.529,1.53447,1.53468,1.00,1.31
2017.12.01 01:21:54.211,1.53447,1.53467,1.00,1.69
2017.12.01 01:21:56.494,1.53447,1.53467,1.00,1.31
2017.12.01 01:22:00.091,1.53444,1.53463,2.25,1.00
2017.12.01 01:22:00.276,1.53442,1.53463,1.12,1.12
2017.12.01 01:22:00.811,1.5344,1.53461,2.25,1.00
2017.12.01 01:22:01.119,1.53433,1.53453,2.25,1.00
2017.12.01 01:22:01.805,1.53434,1.53453,1.00,1.00
2017.12.01 01:22:01.857,1.53432,1.53453,2.25,1.00
2017.12.01 01:22:02.842,1.53432,1.53452,2.25,1.00
2017.12.01 01:22:04.184,1.53432,1.53451,1.00,1.00
2017.12.01 01:22:04.923,1.53434,1.53451,1.37,1.00
2017.12.01 01:22:05.130,1.53437,1.53458,2.06,1.00
2017.12.01 01:22:05.184,1.5344,1.5346,1.50,1.00
2017.12.01 01:22:05.493,1.53443,1.53461,1.12,2.00
2017.12.01 01:22:07.024,1.53443,1.53461,1.12,1.00
2017.12.01 01:22:07.553,1.53443,1.5346,1.12,1.00
2017.12.01 01:22:09.929,1.53443,1.53461,1.12,1.00
2017.12.01 01:22:11.184,1.53441,1.53461,1.50,1.00
2017.12.01 01:22:12.022,1.53441,1.5346,1.50,1.00
2017.12.01 01:22:16.992,1.53443,1.5346,1.12,1.12
2017.12.01 01:22:17.094,1.53439,1.5346,2.25,1.12
2017.12.01 01:22:21.812,1.53443,1.5346,1.12,1.12
2017.12.01 01:22:25.994,1.53444,1.53463,1.00,1.00
2017.12.01 01:22:26.097,1.53447,1.53466,1.12,1.25
2017.12.01 01:22:26.148,1.53445,1.53466,1.87,1.25
2017.12.01 01:22:26.339,1.53444,1.53465,1.00,2.06
2017.12.01 01:22:26.754,1.53442,1.53463,1.50,1.00
2017.12.01 01:22:29.016,1.53442,1.53463,1.50,1.19
2017.12.01 01:22:36.468,1.53444,1.53463,1.00,1.19
2017.12.01 01:22:37.910,1.53442,1.53463,1.50,1.25
2017.12.01 01:22:38.064,1.53442,1.53461,1.50,1.00
2017.12.01 01:22:40.091,1.53443,1.53463,1.00,1.00
2017.12.01 01:22:40.679,1.53443,1.53463,1.00,1.37
2017.12.01 01:22:41.195,1.53444,1.53463,1.00,1.37
2017.12.01 01:22:41.493,1.53455,1.53466,1.75,1.50
2017.12.01 01:22:41.598,1.53457,1.5347,1.19,1.00
2017.12.01 01:22:41.650,1.53456,1.53473,2.44,1.00
2017.12.01 01:22:41.754,1.53457,1.53477,1.19,1.00
2017.12.01 01:22:42.111,1.53457,1.53479,1.31,2.25
2017.12.01 01:22:42.554,1.53457,1.53479,1.75,1.25
2017.12.01 01:22:42.605,1.53457,1.53479,1.50,1.25
2017.12.01 01:22:43.144,1.53457,1.53479,1.00,1.69
2017.12.01 01:22:45.032,1.53457,1.53479,1.19,1.50
2017.12.01 01:22:47.014,1.53456,1.53475,1.31,1.00
2017.12.01 01:22:47.609,1.53456,1.53475,1.19,1.69
2017.12.01 01:22:48.065,1.53457,1.53476,1.87,1.00
2017.12.01 01:22:48.782,1.5346,1.53477,1.31,1.00
2017.12.01 01:22:50.153,1.53462,1.53477,1.56,1.00
2017.12.01 01:22:50.672,1.53463,1.53478,1.31,1.00
2017.12.01 01:22:51.172,1.53464,1.53479,1.31,1.00
2017.12.01 01:22:51.682,1.53464,1.53481,1.31,1.50
2017.12.01 01:22:52.650,1.53463,1.53481,1.31,1.50
2017.12.01 01:22:55.344,1.53463,1.53482,1.31,2.44
2017.12.01 01:22:56.346,1.53463,1.53484,1.19,1.50
2017.12.01 01:22:57.460,1.53465,1.53485,1.31,1.00
2017.12.01 01:22:59.025,1.53464,1.53484,1.69,1.00
2017.12.01 01:23:02.042,1.53465,1.53484,2.44,1.00
2017.12.01 01:23:04.184,1.53467,1.53485,1.19,1.12
2017.12.01 01:23:12.606,1.53466,1.53484,1.00,1.00
2017.12.01 01:23:12.658,1.53464,1.53482,1.19,1.00
2017.12.01 01:23:12.760,1.53465,1.53485,1.25,1.12
2017.12.01 01:23:26.868,1.53467,1.53487,2.06,1.00
2017.12.01 01:23:27.180,1.53471,1.53493,1.31,2.62
2017.12.01 01:23:27.432,1.53471,1.53491,1.75,1.25
2017.12.01 01:23:27.484,1.53469,1.53491,1.00,1.31
2017.12.01 01:23:27.537,1.53469,1.53489,1.12,1.00
2017.12.01 01:23:27.848,1.53473,1.53494,1.37,1.50
2017.12.01 01:23:28.188,1.53476,1.53494,1.12,1.87
2017.12.01 01:23:29.006,1.53476,1.53494,1.12,1.31
2017.12.01 01:23:29.712,1.53476,1.53493,1.50,1.25
2017.12.01 01:23:30.493,1.53475,1.53493,1.50,1.69
2017.12.01 01:23:30.646,1.53473,1.53491,1.12,1.00
2017.12.01 01:23:31.172,1.53473,1.53491,1.12,2.44
2017.12.01 01:23:31.409,1.53475,1.53492,1.37,2.25
2017.12.01 01:23:31.512,1.53475,1.53492,1.37,1.50
2017.12.01 01:23:31.563,1.53475,1.5349,1.37,1.00
2017.12.01 01:23:31.615,1.53472,1.5349,1.12,1.12
2017.12.01 01:23:32.317,1.53468,1.53489,1.69,1.00
2017.12.01 01:23:34.683,1.53468,1.5349,1.69,1.12
2017.12.01 01:23:35.246,1.53468,1.5349,1.19,1.12
2017.12.01 01:23:35.350,1.53471,1.53493,1.56,1.50
2017.12.01 01:23:36.491,1.53472,1.53493,1.31,1.00
2017.12.01 01:23:37.126,1.53472,1.53494,1.50,2.62
2017.12.01 01:23:38.109,1.53473,1.53494,1.31,1.12
2017.12.01 01:23:38.853,1.53472,1.53492,2.44,1.50
2017.12.01 01:23:39.160,1.53472,1.5349,1.69,1.00
2017.12.01 01:23:40.108,1.53472,1.53491,1.69,1.00
2017.12.01 01:23:40.884,1.53472,1.5349,1.69,1.00
2017.12.01 01:23:42.545,1.53476,1.5349,1.31,1.00
2017.12.01 01:23:42.597,1.53473,1.53493,2.06,1.25
2017.12.01 01:23:43.718,1.53473,1.53493,1.19,1.25
2017.12.01 01:23:43.872,1.53471,1.53491,2.44,1.00
2017.12.01 01:23:46.771,1.53473,1.53494,2.06,3.37
2017.12.01 01:23:47.000,1.53471,1.53494,5.06,2.44
2017.12.01 01:23:47.052,1.53471,1.53491,3.56,1.00
2017.12.01 01:23:50.090,1.53471,1.53492,2.06,1.00
2017.12.01 01:23:50.402,1.53473,1.53495,3.56,1.19
2017.12.01 01:23:50.455,1.53474,1.53497,3.19,1.69
2017.12.01 01:23:50.506,1.53476,1.53497,1.69,1.25
2017.12.01 01:23:51.089,1.53477,1.53498,2.06,1.69
2017.12.01 01:23:56.461,1.53481,1.53498,1.31,1.19
2017.12.01 01:24:01.182,1.5348,1.53498,1.50,1.19
2017.12.01 01:24:01.691,1.53478,1.53493,1.12,1.00
2017.12.01 01:24:01.796,1.53475,1.53493,1.50,1.00
2017.12.01 01:24:02.002,1.53474,1.53492,1.12,1.50
2017.12.01 01:24:02.157,1.53476,1.53492,1.50,1.50
2017.12.01 01:24:02.709,1.53476,1.53492,1.50,1.00
2017.12.01 01:24:04.843,1.53475,1.53491,2.25,1.00
2017.12.01 01:24:05.542,1.53476,1.53492,1.50,1.00
2017.12.01 01:24:07.458,1.53476,1.53488,1.50,1.00
2017.12.01 01:24:07.667,1.53474,1.53487,1.12,1.00
2017.12.01 01:24:08.513,1.53474,1.53488,1.12,1.00
2017.12.01 01:24:08.668,1.53474,1.5349,1.12,1.00
2017.12.01 01:24:08.772,1.53475,1.53492,1.00,3.19
2017.12.01 01:24:10.170,1.53475,1.53492,1.00,3.19
2017.12.01 01:24:11.194,1.53475,1.53492,1.75,3.19
2017.12.01 01:24:14.005,1.53474,1.53488,1.12,1.00
2017.12.01 01:24:14.109,1.53471,1.53488,2.25,1.00
2017.12.01 01:24:32.349,1.53475,1.53492,1.12,1.00
2017.12.01 01:24:32.888,1.53475,1.53493,1.12,1.00
2017.12.01 01:24:47.140,1.53474,1.53493,1.12,1.00
2017.12.01 01:24:50.498,1.53474,1.53493,1.50,1.00
2017.12.01 01:24:52.182,1.53475,1.53494,1.12,1.12
2017.12.01 01:24:52.234,1.53477,1.53496,1.00,1.00
2017.12.01 01:24:52.542,1.53475,1.53494,1.87,1.00
2017.12.01 01:24:55.170,1.53475,1.53495,1.69,1.00
2017.12.01 01:24:55.699,1.53479,1.53497,1.19,1.00
2017.12.01 01:24:58.938,1.53475,1.53494,3.19,1.00
2017.12.01 01:24:59.042,1.53476,1.53493,1.00,1.00
2017.12.01 01:24:59.302,1.53476,1.53495,1.00,1.00
2017.12.01 01:24:59.453,1.53478,1.53497,1.31,1.00
2017.12.01 01:24:59.763,1.53476,1.53493,1.25,1.00
2017.12.01 01:25:00.295,1.53477,1.53494,1.31,1.00
2017.12.01 01:25:01.622,1.53478,1.53497,1.00,1.00
2017.12.01 01:25:01.726,1.53478,1.53497,1.31,1.00
2017.12.01 01:25:01.929,1.5348,1.53499,1.19,1.00
2017.12.01 01:25:02.458,1.5348,1.535,1.31,1.00
2017.12.01 01:25:04.505,1.5348,1.535,1.69,1.00
2017.12.01 01:25:08.554,1.53481,1.53502,2.06,1.12
2017.12.01 01:25:08.864,1.53473,1.53489,1.00,1.00
2017.12.01 01:25:08.916,1.53469,1.53491,3.19,1.50
2017.12.01 01:25:08.970,1.53472,1.5349,1.19,1.00
2017.12.01 01:25:09.515,1.53469,1.53488,1.69,1.00
2017.12.01 01:25:10.050,1.53468,1.53487,1.12,1.00
2017.12.01 01:25:10.573,1.5347,1.53487,1.31,1.00
2017.12.01 01:25:12.710,1.5347,1.53486,1.31,1.00
2017.12.01 01:25:13.715,1.5347,1.53485,1.31,1.00
2017.12.01 01:25:13.868,1.53468,1.53484,1.56,1.00
2017.12.01 01:25:14.539,1.53469,1.53483,1.31,1.00
2017.12.01 01:25:15.055,1.53467,1.53483,1.31,1.00
2017.12.01 01:25:15.158,1.53468,1.53483,1.12,1.00
2017.12.01 01:25:15.260,1.53468,1.53485,1.12,1.12
2017.12.01 01:25:18.164,1.53468,1.53484,1.12,1.00
2017.12.01 01:25:18.267,1.53465,1.53483,1.50,1.00
2017.12.01 01:25:18.421,1.53465,1.53481,1.50,1.12
2017.12.01 01:25:18.796,1.53462,1.5348,1.50,1.00
2017.12.01 01:25:19.288,1.53461,1.53478,1.75,1.00
2017.12.01 01:25:19.789,1.53462,1.53479,1.50,1.12
2017.12.01 01:25:20.140,1.53466,1.53484,1.75,1.69
2017.12.01 01:25:20.541,1.53465,1.53482,1.50,1.00
2017.12.01 01:25:22.475,1.53465,1.53484,1.00,1.00
2017.12.01 01:25:22.527,1.53465,1.53484,1.87,1.00
2017.12.01 01:25:22.632,1.53468,1.53487,1.87,1.50
2017.12.01 01:25:23.137,1.53469,1.53487,1.37,1.00
2017.12.01 01:25:24.750,1.5347,1.53488,1.00,1.50
2017.12.01 01:25:26.268,1.53468,1.53485,3.00,1.00
2017.12.01 01:25:26.439,1.53467,1.53484,1.50,1.00
2017.12.01 01:25:26.593,1.53467,1.53483,1.87,1.00
2017.12.01 01:25:29.328,1.53469,1.53484,1.37,1.00
2017.12.01 01:25:30.220,1.53469,1.53485,1.37,1.00
2017.12.01 01:25:30.323,1.53472,1.53488,1.12,1.25
2017.12.01 01:25:30.471,1.53472,1.53486,1.12,1.00
2017.12.01 01:25:30.778,1.53472,1.53484,1.12,1.00
2017.12.01 01:25:30.880,1.53469,1.53484,1.87,1.00
2017.12.01 01:25:31.136,1.53466,1.53482,2.25,1.00
2017.12.01 01:25:31.476,1.53466,1.53484,1.50,1.00
2017.12.01 01:25:31.817,1.53464,1.53483,1.50,1.00
2017.12.01 01:25:32.231,1.53462,1.53481,2.62,1.00
2017.12.01 01:25:33.176,1.53462,1.53481,1.12,1.00
2017.12.01 01:25:33.739,1.53461,1.53481,1.87,1.69
2017.12.01 01:25:33.842,1.53462,1.53483,1.37,1.50
2017.12.01 01:25:34.364,1.53461,1.53483,2.62,1.87
2017.12.01 01:25:35.374,1.53461,1.5348,1.50,1.12
2017.12.01 01:25:35.681,1.5346,1.53477,1.75,1.00
2017.12.01 01:25:37.076,1.53459,1.53473,1.87,1.00
2017.12.01 01:25:37.281,1.53455,1.53472,1.12,1.87
2017.12.01 01:25:37.389,1.53456,1.53475,2.25,3.00
2017.12.01 01:25:37.699,1.53457,1.53476,1.75,1.00
2017.12.01 01:25:37.880,1.53458,1.53479,1.75,1.12
2017.12.01 01:25:38.368,1.53459,1.53481,2.62,1.00
2017.12.01 01:25:39.882,1.53458,1.53481,3.37,2.25
2017.12.01 01:25:40.366,1.53461,1.53481,1.12,1.00
2017.12.01 01:25:40.953,1.53461,1.5348,1.12,1.00
2017.12.01 01:25:41.815,1.53461,1.5348,1.00,1.00
2017.12.01 01:25:43.039,1.53458,1.53478,1.12,1.50
2017.12.01 01:25:44.134,1.53458,1.53479,1.12,1.00
2017.12.01 01:25:50.078,1.53458,1.53478,1.00,1.50
2017.12.01 01:25:51.251,1.53457,1.53478,1.75,1.31
2017.12.01 01:25:53.761,1.5346,1.53479,1.37,1.69
2017.12.01 01:25:56.013,1.5346,1.53481,1.37,1.50
2017.12.01 01:25:56.529,1.53461,1.53481,1.50,1.00
2017.12.01 01:26:01.336,1.53461,1.53482,2.25,1.12
2017.12.01 01:26:05.946,1.53461,1.53482,2.25,1.12
2017.12.01 01:26:06.103,1.53465,1.53485,1.50,2.25
2017.12.01 01:26:06.667,1.53465,1.53483,1.50,1.00
2017.12.01 01:26:10.513,1.53464,1.53483,1.56,1.50
2017.12.01 01:26:11.541,1.53462,1.53481,1.19,1.00
2017.12.01 01:26:11.645,1.53463,1.5348,1.56,1.00
2017.12.01 01:26:12.166,1.53462,1.53481,1.56,1.00
2017.12.01 01:26:12.484,1.53465,1.53484,1.56,1.50
2017.12.01 01:26:14.036,1.53464,1.53484,2.06,1.69
2017.12.01 01:26:14.418,1.53464,1.53482,1.31,1.00
2017.12.01 01:26:18.990,1.53464,1.53481,1.31,1.00
2017.12.01 01:26:19.143,1.53464,1.53481,1.19,1.00
2017.12.01 01:26:28.988,1.53472,1.53484,2.25,3.00
2017.12.01 01:26:29.041,1.53471,1.53487,1.87,1.00
2017.12.01 01:26:29.145,1.53472,1.5349,1.00,1.12
2017.12.01 01:26:30.384,1.53468,1.53486,1.19,1.00
2017.12.01 01:26:30.698,1.53464,1.53484,1.56,1.50
2017.12.01 01:26:34.685,1.53464,1.53483,1.56,1.00
2017.12.01 01:26:35.192,1.53464,1.53484,1.56,1.00
2017.12.01 01:26:37.710,1.53464,1.53483,1.56,1.00
2017.12.01 01:26:39.194,1.53464,1.53482,1.56,1.00
2017.12.01 01:26:49.948,1.53461,1.53478,1.31,1.00
2017.12.01 01:26:50.971,1.5346,1.53478,1.56,1.00
2017.12.01 01:26:53.222,1.53461,1.5348,1.31,2.44
2017.12.01 01:26:53.534,1.5346,1.5348,1.81,1.00
2017.12.01 01:26:53.689,1.5346,1.5348,2.44,1.00
2017.12.01 01:26:54.292,1.53461,1.53479,1.31,1.00
2017.12.01 01:26:55.507,1.53461,1.5348,1.31,1.00
2017.12.01 01:26:56.896,1.53461,1.53478,1.31,1.00
2017.12.01 01:26:57.445,1.5346,1.53477,1.31,1.00
2017.12.01 01:26:58.322,1.53458,1.53476,1.69,1.00
2017.12.01 01:27:04.896,1.53457,1.53476,2.44,1.00
2017.12.01 01:27:14.919,1.53457,1.53476,1.69,1.00
2017.12.01 01:27:16.723,1.53458,1.53479,2.44,1.00
2017.12.01 01:27:16.781,1.53461,1.53479,1.31,1.00
2017.12.01 01:27:17.300,1.53461,1.5348,1.31,1.00
2017.12.01 01:27:19.156,1.53462,1.5348,1.19,1.00
2017.12.01 01:27:22.318,1.53461,1.53479,1.31,1.00
2017.12.01 01:27:22.473,1.53461,1.53479,1.25,1.00
2017.12.01 01:27:22.576,1.53459,1.53477,2.06,1.00
2017.12.01 01:27:22.730,1.53457,1.53477,1.19,1.00
2017.12.01 01:27:23.332,1.53456,1.53477,2.06,1.00
2017.12.01 01:27:25.562,1.53456,1.53476,3.56,1.00
2017.12.01 01:27:29.620,1.53457,1.53476,2.06,1.00
2017.12.01 01:27:34.863,1.53459,1.53476,1.56,1.00
2017.12.01 01:27:35.404,1.53459,1.53478,1.56,1.12
2017.12.01 01:27:35.881,1.53456,1.53476,2.06,1.00
2017.12.01 01:27:35.983,1.53455,1.53474,1.56,1.00
2017.12.01 01:27:36.292,1.53451,1.53472,2.06,1.00
2017.12.01 01:27:37.902,1.53452,1.53472,1.31,1.31
2017.12.01 01:27:38.440,1.53452,1.53471,1.31,1.00
2017.12.01 01:27:39.225,1.5345,1.53471,1.69,1.00
2017.12.01 01:27:39.712,1.53456,1.53475,1.56,1.37
2017.12.01 01:27:39.815,1.53458,1.53476,1.19,1.00
2017.12.01 01:27:39.979,1.53455,1.53475,1.69,1.00
2017.12.01 01:27:41.085,1.53455,1.53475,2.06,1.25
2017.12.01 01:27:41.167,1.53455,1.53475,1.69,1.25
2017.12.01 01:27:43.153,1.53454,1.53475,1.31,1.25
2017.12.01 01:27:43.256,1.53453,1.53474,1.31,2.25
2017.12.01 01:27:44.010,1.53453,1.53474,1.56,1.69
2017.12.01 01:27:50.819,1.53453,1.53474,1.31,1.50
2017.12.01 01:27:54.125,1.53455,1.53475,1.31,1.87
2017.12.01 01:27:54.792,1.53455,1.53474,1.31,1.00
2017.12.01 01:27:57.475,1.53453,1.53474,3.37,1.00
2017.12.01 01:27:58.843,1.53453,1.53474,1.69,1.00
2017.12.01 01:27:59.558,1.53454,1.53474,2.25,1.00
2017.12.01 01:28:00.314,1.53454,1.53476,2.25,1.87
2017.12.01 01:28:01.111,1.53454,1.53476,1.00,1.69
2017.12.01 01:28:02.823,1.53454,1.53474,1.00,1.00
2017.12.01 01:28:03.709,1.53453,1.53473,1.69,1.00
2017.12.01 01:28:06.644,1.53454,1.53475,2.25,1.25
2017.12.01 01:28:06.696,1.53454,1.53476,2.44,1.50
2017.12.01 01:28:07.232,1.53454,1.53476,3.19,1.00
2017.12.01 01:28:07.388,1.53453,1.53475,1.25,2.44
2017.12.01 01:28:08.643,1.53453,1.53476,2.44,1.69
2017.12.01 01:28:08.949,1.53455,1.53476,2.44,1.00
2017.12.01 01:28:09.710,1.53455,1.53476,2.44,1.25
2017.12.01 01:28:09.916,1.53452,1.53473,1.50,1.00
2017.12.01 01:28:13.995,1.53452,1.53473,2.62,1.00
2017.12.01 01:28:14.657,1.53453,1.53474,1.69,1.00
2017.12.01 01:28:18.080,1.53454,1.53475,1.69,1.50
2017.12.01 01:28:18.388,1.53456,1.53477,1.31,1.69
2017.12.01 01:28:19.427,1.53456,1.53477,2.06,1.00
2017.12.01 01:28:20.964,1.53455,1.53476,2.44,1.50
2017.12.01 01:28:21.016,1.53454,1.53474,1.31,1.00
2017.12.01 01:28:21.119,1.53453,1.53474,2.81,1.00
2017.12.01 01:28:21.828,1.53453,1.53473,1.69,1.00
2017.12.01 01:28:23.719,1.53452,1.53474,2.44,1.69
2017.12.01 01:28:24.265,1.53453,1.53473,1.25,1.00
2017.12.01 01:28:29.192,1.53453,1.53473,1.31,1.00
2017.12.01 01:28:32.522,1.53451,1.53473,2.81,1.12
2017.12.01 01:28:33.766,1.53453,1.53472,1.25,1.00
2017.12.01 01:28:38.196,1.53451,1.53473,2.06,1.50
2017.12.01 01:28:42.625,1.53451,1.53472,1.69,1.00
2017.12.01 01:28:43.177,1.53451,1.53473,1.69,1.12
2017.12.01 01:28:47.665,1.53453,1.53474,2.44,1.25
2017.12.01 01:28:47.819,1.53453,1.53474,2.25,1.69
2017.12.01 01:28:47.871,1.53452,1.53469,1.50,1.00
2017.12.01 01:28:47.923,1.53451,1.53469,1.12,1.00
2017.12.01 01:28:48.027,1.53448,1.53469,1.31,1.50
2017.12.01 01:28:49.438,1.53448,1.53469,1.31,1.69
2017.12.01 01:28:50.102,1.53448,1.53469,1.31,1.50
2017.12.01 01:28:53.024,1.53448,1.53469,2.44,1.69
2017.12.01 01:28:54.236,1.53448,1.53469,2.06,1.69
2017.12.01 01:28:54.776,1.53448,1.53468,1.31,1.00
2017.12.01 01:28:55.499,1.53448,1.53469,1.31,1.69
2017.12.01 01:28:59.344,1.53448,1.53469,3.19,1.50
2017.12.01 01:28:59.657,1.53448,1.53467,2.44,1.00
2017.12.01 01:29:00.601,1.53448,1.53468,1.69,1.00
2017.12.01 01:29:00.755,1.53445,1.53466,2.06,1.12
2017.12.01 01:29:04.148,1.53447,1.53467,1.19,1.00
2017.12.01 01:29:04.456,1.53447,1.53465,1.69,1.00
2017.12.01 01:29:04.508,1.53447,1.53465,1.25,1.00
2017.12.01 01:29:04.748,1.53449,1.5347,1.56,2.81
2017.12.01 01:29:04.801,1.53452,1.53474,1.31,2.25
2017.12.01 01:29:05.346,1.53453,1.53474,1.50,1.31
2017.12.01 01:29:05.817,1.53453,1.53474,1.75,1.00
2017.12.01 01:29:06.586,1.53453,1.53475,1.75,1.25
2017.12.01 01:29:09.403,1.53455,1.53474,1.31,1.00
2017.12.01 01:29:11.938,1.53456,1.53478,1.00,1.87
2017.12.01 01:29:12.041,1.53457,1.53478,1.75,1.69
2017.12.01 01:29:12.143,1.53457,1.53477,1.50,1.25
2017.12.01 01:29:12.246,1.53457,1.53477,1.75,1.25
2017.12.01 01:29:12.404,1.53457,1.53477,1.12,1.25
2017.12.01 01:29:13.393,1.53457,1.53477,1.00,2.25
2017.12.01 01:29:13.908,1.53456,1.53475,1.00,1.00
2017.12.01 01:29:14.778,1.53456,1.53474,1.00,1.00
2017.12.01 01:29:15.345,1.53454,1.53475,3.19,1.00
2017.12.01 01:29:33.692,1.53454,1.53474,1.69,1.12
2017.12.01 01:29:41.240,1.53453,1.53473,1.19,1.00
2017.12.01 01:29:48.700,1.53453,1.53475,1.69,1.12
2017.12.01 01:29:48.803,1.53455,1.53476,1.31,1.50
2017.12.01 01:29:49.425,1.53455,1.53476,2.81,1.00
2017.12.01 01:29:52.881,1.53455,1.53474,1.31,1.00
2017.12.01 01:29:52.986,1.53453,1.53473,2.06,1.12
2017.12.01 01:29:54.443,1.53452,1.53472,2.06,1.00
2017.12.01 01:29:56.016,1.53452,1.53472,1.69,1.25
2017.12.01 01:29:56.521,1.53452,1.53472,1.31,1.00
2017.12.01 01:29:57.031,1.53452,1.53473,1.31,1.25
2017.12.01 01:29:58.674,1.53451,1.53472,3.94,1.50
2017.12.01 01:29:58.777,1.53452,1.53475,2.81,2.44
2017.12.01 01:29:58.965,1.53455,1.53476,1.56,1.50
2017.12.01 01:29:59.068,1.53453,1.53473,1.31,1.12
2017.12.01 01:29:59.120,1.53449,1.53471,3.37,1.00
2017.12.01 01:29:59.435,1.53448,1.5347,2.06,1.69
2017.12.01 01:29:59.767,1.53448,1.53468,1.31,1.50
2017.12.01 01:29:59.818,1.53446,1.53466,2.81,1.00
2017.12.01 01:30:00.283,1.53448,1.53466,1.56,1.00
2017.12.01 01:30:01.483,1.53447,1.53466,1.19,1.00
2017.12.01 01:30:03.784,1.53447,1.53467,1.69,1.00
2017.12.01 01:30:03.888,1.5345,1.53469,1.31,1.00
2017.12.01 01:30:04.149,1.53451,1.53473,1.69,1.12
2017.12.01 01:30:06.977,1.53452,1.53474,1.69,1.00
2017.12.01 01:30:07.524,1.53453,1.53474,1.69,1.50
2017.12.01 01:30:08.686,1.53454,1.53474,1.56,1.00
2017.12.01 01:30:09.474,1.53454,1.53473,1.56,1.00
2017.12.01 01:30:19.176,1.53452,1.5347,1.31,1.00
2017.12.01 01:30:19.484,1.53449,1.53468,1.56,1.00
2017.12.01 01:30:20.498,1.53449,1.53467,1.56,1.00
2017.12.01 01:30:20.901,1.53448,1.53467,1.69,1.00
2017.12.01 01:30:21.429,1.53448,1.53468,1.19,1.00
2017.12.01 01:30:22.015,1.53449,1.53468,1.56,1.00
2017.12.01 01:30:24.505,1.53449,1.53469,1.56,1.00
2017.12.01 01:30:27.280,1.53449,1.53468,1.56,1.00
2017.12.01 01:30:27.785,1.53448,1.53467,1.31,1.00
2017.12.01 01:30:29.928,1.53447,1.53468,2.06,1.00
2017.12.01 01:30:38.545,1.53449,1.53468,1.56,1.00
2017.12.01 01:30:40.058,1.53455,1.53472,1.56,1.00
2017.12.01 01:30:40.110,1.53455,1.53476,2.44,1.94
2017.12.01 01:30:40.162,1.53456,1.53477,1.69,1.19
2017.12.01 01:30:40.460,1.53457,1.53478,1.19,1.25
2017.12.01 01:30:47.133,1.5346,1.53482,1.25,2.44
2017.12.01 01:30:47.338,1.53459,1.53479,1.19,1.00
2017.12.01 01:30:47.890,1.53458,1.53478,1.50,1.00
2017.12.01 01:30:49.039,1.53456,1.53478,3.75,1.00
2017.12.01 01:30:50.372,1.53456,1.53478,3.56,1.00
2017.12.01 01:30:53.474,1.53456,1.53478,2.44,1.50
2017.12.01 01:30:54.536,1.53458,1.53479,1.69,1.00
2017.12.01 01:30:54.692,1.53456,1.53479,1.69,3.37
2017.12.01 01:30:54.795,1.53455,1.53477,1.69,2.25
2017.12.01 01:30:55.128,1.53455,1.53475,1.69,1.75
2017.12.01 01:30:55.775,1.53455,1.53476,2.06,1.75
2017.12.01 01:30:58.076,1.53455,1.53471,1.69,1.50
2017.12.01 01:30:58.128,1.53453,1.53471,1.25,1.50
2017.12.01 01:30:58.232,1.53451,1.53466,1.69,1.75
2017.12.01 01:30:58.336,1.53452,1.53472,1.50,3.37
2017.12.01 01:30:58.893,1.53452,1.53475,1.69,3.37
2017.12.01 01:31:00.399,1.53451,1.53474,2.25,2.06
2017.12.01 01:31:03.437,1.53451,1.53474,1.50,3.56
2017.12.01 01:31:03.642,1.5345,1.53471,1.69,2.44
2017.12.01 01:31:15.301,1.5345,1.5347,1.50,1.75
2017.12.01 01:31:16.729,1.5345,1.5347,1.69,1.75
2017.12.01 01:31:22.879,1.5345,1.5347,1.69,2.25
2017.12.01 01:31:23.703,1.5345,1.5347,1.69,2.25
2017.12.01 01:31:30.453,1.5345,1.5347,1.69,1.75
2017.12.01 01:31:31.252,1.5345,1.5347,1.69,1.75
2017.12.01 01:31:34.844,1.5345,1.5347,1.50,2.25
2017.12.01 01:31:35.472,1.53449,1.5347,1.69,1.75
2017.12.01 01:31:35.785,1.53449,1.5347,2.44,1.37
2017.12.01 01:31:35.888,1.53449,1.5347,2.81,1.37
2017.12.01 01:31:38.513,1.53448,1.53469,1.31,1.50
2017.12.01 01:31:39.921,1.53448,1.53469,1.31,1.69
2017.12.01 01:31:40.474,1.53448,1.53469,1.31,1.69
2017.12.01 01:31:42.243,1.53448,1.53468,1.31,1.12
2017.12.01 01:31:44.594,1.53448,1.53469,2.06,1.12
2017.12.01 01:31:51.765,1.53448,1.53469,2.06,2.44
2017.12.01 01:32:02.244,1.53448,1.53469,2.06,1.69
2017.12.01 01:32:09.716,1.53448,1.53469,1.19,1.31
2017.12.01 01:32:09.986,1.53448,1.53469,1.19,2.44
2017.12.01 01:32:10.249,1.53451,1.53471,1.19,1.12
2017.12.01 01:32:10.402,1.53451,1.53469,1.00,1.75
2017.12.01 01:32:10.507,1.53449,1.53469,1.25,1.75
2017.12.01 01:32:11.020,1.53448,1.53468,1.00,2.06
2017.12.01 01:32:11.073,1.53446,1.53468,1.50,2.06
2017.12.01 01:32:11.659,1.53448,1.53469,1.25,2.00
2017.12.01 01:32:11.763,1.5345,1.53472,1.12,2.44
2017.12.01 01:32:12.301,1.53451,1.53472,1.00,1.50
2017.12.01 01:32:13.572,1.5345,1.53472,1.12,2.25
2017.12.01 01:32:16.043,1.5345,1.53471,1.00,1.87
2017.12.01 01:32:16.146,1.53449,1.53471,1.69,1.50
2017.12.01 01:32:19.023,1.53449,1.53472,1.00,3.00
2017.12.01 01:32:21.082,1.53449,1.53472,1.00,3.56
2017.12.01 01:32:21.134,1.53449,1.53472,1.00,2.81
2017.12.01 01:32:24.989,1.53447,1.53471,3.75,1.69
2017.12.01 01:32:26.113,1.53447,1.53467,1.50,1.00
2017.12.01 01:32:26.436,1.53446,1.53466,1.00,1.31
2017.12.01 01:32:30.830,1.53445,1.53466,1.12,2.06
2017.12.01 01:32:34.310,1.53443,1.53464,1.50,1.37
2017.12.01 01:32:34.365,1.53444,1.53463,1.00,1.31
2017.12.01 01:32:34.521,1.53441,1.53461,1.31,1.31
2017.12.01 01:32:35.046,1.5344,1.5346,1.50,1.31
2017.12.01 01:32:35.554,1.53439,1.53461,1.87,2.44
2017.12.01 01:32:36.139,1.53438,1.5346,3.19,2.06
2017.12.01 01:32:36.663,1.53439,1.5346,1.00,2.06
2017.12.01 01:32:37.165,1.53437,1.53459,2.25,2.19
2017.12.01 01:32:37.268,1.53437,1.53457,1.50,1.31
2017.12.01 01:32:37.577,1.53436,1.53454,1.00,1.19
2017.12.01 01:32:38.080,1.53435,1.53454,1.00,1.19
2017.12.01 01:32:38.923,1.53436,1.53455,1.00,1.56
2017.12.01 01:32:39.928,1.53436,1.53455,2.44,1.25
2017.12.01 01:32:39.980,1.53439,1.53457,1.00,1.31
2017.12.01 01:32:40.082,1.53439,1.53457,1.00,1.25
2017.12.01 01:32:40.966,1.53439,1.53457,1.00,1.31
2017.12.01 01:32:41.170,1.53437,1.53457,1.12,1.31
2017.12.01 01:32:41.579,1.53435,1.53457,2.81,1.31
2017.12.01 01:32:41.732,1.53435,1.53455,1.00,1.56
2017.12.01 01:32:42.239,1.53434,1.53455,1.50,1.56
2017.12.01 01:32:44.551,1.53434,1.53454,1.00,1.56
2017.12.01 01:32:47.702,1.53435,1.53454,1.00,1.56
2017.12.01 01:32:48.246,1.53434,1.53454,1.12,2.06
2017.12.01 01:32:50.557,1.53433,1.53452,1.00,1.31
2017.12.01 01:32:51.069,1.53432,1.53452,2.25,1.31
2017.12.01 01:32:52.715,1.53433,1.53452,1.50,1.19
2017.12.01 01:32:55.265,1.53432,1.53448,1.10,1.00
2017.12.01 01:32:55.471,1.53426,1.53447,1.69,1.00
2017.12.01 01:32:56.316,1.53426,1.53446,1.69,1.50
2017.12.01 01:32:56.470,1.53425,1.53445,1.12,1.00
2017.12.01 01:32:56.798,1.53425,1.53446,1.75,2.44
2017.12.01 01:32:57.232,1.53427,1.53448,3.00,2.06
2017.12.01 01:33:00.928,1.53427,1.53447,2.25,1.31
2017.12.01 01:33:02.220,1.53428,1.53447,1.00,1.31
2017.12.01 01:33:02.571,1.53426,1.53445,2.25,1.56
2017.12.01 01:33:04.013,1.53427,1.53448,1.31,2.81
2017.12.01 01:33:04.372,1.53429,1.53451,1.00,2.62
2017.12.01 01:33:04.733,1.53431,1.53452,1.00,1.50
2017.12.01 01:33:06.295,1.5343,1.53452,1.87,1.31
2017.12.01 01:33:07.615,1.53429,1.53447,1.00,1.31
2017.12.01 01:33:07.918,1.53425,1.53445,1.50,1.31
2017.12.01 01:33:12.635,1.53426,1.53448,3.56,1.87
2017.12.01 01:33:12.818,1.53429,1.53451,1.87,2.06
2017.12.01 01:33:12.870,1.53429,1.5345,2.25,2.44
2017.12.01 01:33:12.923,1.53429,1.5345,2.25,3.37
2017.12.01 01:33:13.459,1.53429,1.5345,1.00,3.19
2017.12.01 01:33:13.672,1.53431,1.5345,1.00,2.62
2017.12.01 01:33:13.723,1.53429,1.5345,1.00,2.62
2017.12.01 01:33:13.776,1.53429,1.5345,1.00,2.19
2017.12.01 01:33:13.929,1.53431,1.5345,1.00,1.87
2017.12.01 01:33:15.626,1.53431,1.5345,1.00,2.19
2017.12.01 01:33:15.677,1.53429,1.5345,1.50,2.19
2017.12.01 01:33:16.036,1.53427,1.53448,1.50,1.50
2017.12.01 01:33:16.088,1.53426,1.53445,2.25,1.00
2017.12.01 01:33:16.402,1.53422,1.53441,1.00,1.31
2017.12.01 01:33:16.455,1.53422,1.53443,1.00,2.00
2017.12.01 01:33:16.874,1.53422,1.53443,1.00,1.87
2017.12.01 01:33:19.010,1.53422,1.53444,1.37,1.19
2017.12.01 01:33:19.658,1.53423,1.53444,1.00,1.69
2017.12.01 01:33:20.183,1.53422,1.53444,1.00,2.44
2017.12.01 01:33:20.751,1.53421,1.53444,1.50,1.87
2017.12.01 01:33:22.521,1.53421,1.53443,1.00,2.62
2017.12.01 01:33:23.410,1.53421,1.53442,1.50,1.00
2017.12.01 01:33:28.825,1.5342,1.53442,1.25,2.25
2017.12.01 01:33:29.126,1.53418,1.53437,1.50,1.25
2017.12.01 01:33:29.384,1.53419,1.53439,1.00,1.25
2017.12.01 01:33:29.539,1.53421,1.53441,1.00,1.69
2017.12.01 01:33:30.042,1.5342,1.53441,1.00,1.69
2017.12.01 01:33:31.159,1.53418,1.53438,1.00,1.44
2017.12.01 01:33:31.211,1.53415,1.53438,2.06,1.12
2017.12.01 01:33:31.262,1.53415,1.53438,1.31,2.25
2017.12.01 01:33:32.651,1.53414,1.53435,3.19,1.00
2017.12.01 01:33:32.754,1.53413,1.53435,2.44,2.44
2017.12.01 01:33:33.011,1.53413,1.53435,2.44,1.12
2017.12.01 01:33:33.166,1.53414,1.53438,2.81,2.44
2017.12.01 01:33:36.414,1.53415,1.53438,1.19,2.44
2017.12.01 01:33:37.357,1.53417,1.53438,2.06,1.25
2017.12.01 01:33:37.563,1.5342,1.53443,2.06,1.00
2017.12.01 01:33:38.112,1.53421,1.53442,1.69,1.25
2017.12.01 01:33:38.854,1.53421,1.53442,2.06,1.25
2017.12.01 01:33:39.292,1.53418,1.53441,1.31,3.00
2017.12.01 01:33:39.446,1.53416,1.53436,1.50,1.00
2017.12.01 01:33:39.498,1.53413,1.53435,1.31,1.87
2017.12.01 01:33:39.630,1.53412,1.53432,1.69,1.00
2017.12.01 01:33:39.784,1.53411,1.53432,1.00,1.50
2017.12.01 01:33:39.836,1.53408,1.5343,3.19,1.00
2017.12.01 01:33:40.952,1.53408,1.5343,1.69,1.12
2017.12.01 01:33:41.495,1.53412,1.53433,1.75,1.44
2017.12.01 01:33:41.548,1.53412,1.53433,1.50,1.44
2017.12.01 01:33:41.651,1.53412,1.53435,1.94,1.44
2017.12.01 01:33:42.360,1.53413,1.53435,2.00,1.44
2017.12.01 01:33:46.977,1.53412,1.53434,2.44,1.25
2017.12.01 01:33:47.512,1.53412,1.53434,2.44,1.25
2017.12.01 01:33:51.128,1.53412,1.53435,2.44,2.06
2017.12.01 01:33:51.958,1.53412,1.53434,2.44,1.31
2017.12.01 01:33:53.943,1.53415,1.53435,1.56,1.50
2017.12.01 01:33:54.964,1.53415,1.53437,1.56,2.06
2017.12.01 01:33:55.157,1.53416,1.53436,1.31,1.37
2017.12.01 01:33:58.113,1.53414,1.53434,3.94,1.00
2017.12.01 01:33:58.949,1.53414,1.53434,2.44,1.12
2017.12.01 01:34:00.290,1.53416,1.53435,1.25,1.12
2017.12.01 01:34:01.249,1.53416,1.53437,1.25,2.81
2017.12.01 01:34:06.049,1.53417,1.53438,1.00,2.62
2017.12.01 01:34:08.279,1.53417,1.53434,1.50,1.00
2017.12.01 01:34:08.434,1.53413,1.53433,1.25,1.00
2017.12.01 01:34:08.486,1.53413,1.53433,1.19,1.00
2017.12.01 01:34:08.539,1.53413,1.53432,1.00,1.25
2017.12.01 01:34:08.592,1.53412,1.53432,1.69,1.75
2017.12.01 01:34:09.727,1.53411,1.53431,1.00,1.50
2017.12.01 01:34:13.682,1.53412,1.53432,1.00,2.00
2017.12.01 01:34:14.372,1.53411,1.53432,1.50,2.00
2017.12.01 01:34:15.364,1.53414,1.53436,1.19,2.00
2017.12.01 01:34:15.554,1.53416,1.53437,1.00,1.50
2017.12.01 01:34:15.759,1.53418,1.5344,1.00,2.06
2017.12.01 01:34:16.119,1.53418,1.53438,1.00,1.19
2017.12.01 01:34:16.376,1.53416,1.53436,1.00,1.12
2017.12.01 01:34:18.278,1.53415,1.53436,1.50,1.00
2017.12.01 01:34:18.331,1.53413,1.53434,2.06,1.25
2017.12.01 01:34:18.708,1.53411,1.53432,1.75,1.25
2017.12.01 01:34:20.177,1.53414,1.53435,1.25,1.31
2017.12.01 01:34:20.230,1.53414,1.53436,1.69,3.56
2017.12.01 01:34:20.601,1.53415,1.53437,1.00,1.69
2017.12.01 01:34:21.324,1.53413,1.53437,1.31,2.62
2017.12.01 01:34:22.579,1.53413,1.53437,2.62,4.12
2017.12.01 01:34:24.631,1.53415,1.53437,2.06,1.00
2017.12.01 01:34:25.138,1.53415,1.53437,2.06,1.50
2017.12.01 01:34:26.068,1.53415,1.53437,2.06,1.31
2017.12.01 01:34:26.635,1.53415,1.53437,2.06,1.31
2017.12.01 01:34:26.738,1.53415,1.53437,1.19,2.00
2017.12.01 01:34:28.333,1.53414,1.53437,2.44,2.81
2017.12.01 01:34:28.591,1.53413,1.53436,2.81,3.00
2017.12.01 01:34:28.695,1.53413,1.53432,1.31,1.00
2017.12.01 01:34:28.843,1.5341,1.53432,1.31,1.31
2017.12.01 01:34:29.511,1.53411,1.53432,1.00,2.25
2017.12.01 01:34:29.924,1.53412,1.53434,1.37,1.56
2017.12.01 01:34:31.188,1.53412,1.53436,2.81,4.87
2017.12.01 01:34:32.519,1.53412,1.53433,1.62,1.00
2017.12.01 01:34:33.039,1.53411,1.53433,2.44,1.00
2017.12.01 01:34:33.391,1.5341,1.53429,1.37,1.56
2017.12.01 01:34:33.444,1.53407,1.53426,1.00,2.06
2017.12.01 01:34:33.598,1.53405,1.53426,1.87,2.25
2017.12.01 01:34:33.853,1.53405,1.53427,1.12,3.56
2017.12.01 01:34:34.360,1.53406,1.53427,1.00,3.19
2017.12.01 01:34:35.002,1.53406,1.53427,1.00,3.37
2017.12.01 01:34:35.054,1.53406,1.53426,1.00,1.56
2017.12.01 01:34:35.580,1.53404,1.53425,1.50,1.56
2017.12.01 01:34:37.359,1.53404,1.53425,1.75,1.56
2017.12.01 01:34:38.330,1.53405,1.53424,1.75,1.31
2017.12.01 01:34:38.710,1.53407,1.53428,1.12,2.06
2017.12.01 01:34:38.864,1.53407,1.53428,2.25,1.31
2017.12.01 01:34:39.234,1.53406,1.53426,3.00,1.56
2017.12.01 01:34:40.168,1.53406,1.53425,1.50,1.56
2017.12.01 01:34:41.552,1.53405,1.53425,1.12,1.56
2017.12.01 01:34:41.917,1.53406,1.53425,1.50,1.56
2017.12.01 01:34:43.668,1.53407,1.53428,2.25,1.56
2017.12.01 01:34:43.719,1.53407,1.53429,2.44,1.00
2017.12.01 01:34:43.823,1.53407,1.53431,3.75,2.62
2017.12.01 01:34:43.876,1.53409,1.53432,1.87,3.19
2017.12.01 01:34:44.447,1.5341,1.53432,1.00,3.00
2017.12.01 01:34:44.627,1.53412,1.53433,1.12,2.25
2017.12.01 01:34:44.752,1.53412,1.53433,1.12,1.87
2017.12.01 01:34:44.855,1.53412,1.53433,1.00,2.25
2017.12.01 01:34:46.843,1.53412,1.53433,1.00,3.00
2017.12.01 01:34:46.895,1.5341,1.53433,1.50,3.00
2017.12.01 01:34:46.948,1.5341,1.53432,1.50,1.56
2017.12.01 01:34:47.000,1.5341,1.53432,1.50,2.06
2017.12.01 01:34:47.836,1.5341,1.5343,1.19,1.12
2017.12.01 01:34:47.888,1.5341,1.53432,1.19,1.25
2017.12.01 01:34:48.018,1.5341,1.53433,1.00,3.94
2017.12.01 01:34:48.565,1.53409,1.5343,1.00,2.44
2017.12.01 01:34:49.109,1.53408,1.53429,1.12,1.31
2017.12.01 01:34:49.648,1.53408,1.5343,1.31,1.31
2017.12.01 01:34:49.992,1.53408,1.5343,1.69,1.87
2017.12.01 01:34:50.854,1.53407,1.53429,1.50,1.12
2017.12.01 01:34:51.339,1.53406,1.53428,1.12,1.19
2017.12.01 01:34:58.035,1.53406,1.53427,1.00,1.69
2017.12.01 01:35:00.117,1.53407,1.53427,1.00,2.44
2017.12.01 01:35:01.052,1.53407,1.53427,1.00,2.06
2017.12.01 01:35:03.391,1.53407,1.53427,1.00,1.69
2017.12.01 01:35:04.937,1.53406,1.53424,1.00,1.44
2017.12.01 01:35:05.093,1.53401,1.53422,1.50,1.31
2017.12.01 01:35:05.145,1.53401,1.53421,1.50,1.31
2017.12.01 01:35:05.835,1.53401,1.53421,1.37,1.31
2017.12.01 01:35:05.887,1.53401,1.53424,3.00,1.56
2017.12.01 01:35:05.938,1.53401,1.53424,3.75,1.56
2017.12.01 01:35:06.629,1.53409,1.53429,1.00,3.75
2017.12.01 01:35:06.681,1.53409,1.53429,1.00,1.19
2017.12.01 01:35:06.836,1.53409,1.53428,1.00,2.44
2017.12.01 01:35:06.887,1.53405,1.53427,1.50,1.56
2017.12.01 01:35:07.250,1.53406,1.53427,1.00,2.06
2017.12.01 01:35:07.503,1.53408,1.53427,1.12,2.06
2017.12.01 01:35:07.657,1.53408,1.53427,1.12,1.25
2017.12.01 01:35:08.172,1.53408,1.53428,1.00,1.69
2017.12.01 01:35:08.658,1.53408,1.53425,1.00,1.56
2017.12.01 01:35:08.761,1.53408,1.53428,1.00,1.19
2017.12.01 01:35:09.294,1.53408,1.53428,1.00,1.69
2017.12.01 01:35:10.305,1.53408,1.53428,1.75,1.56
2017.12.01 01:35:10.357,1.53409,1.53429,1.50,1.19
2017.12.01 01:35:10.927,1.53409,1.53432,4.50,1.19
2017.12.01 01:35:11.490,1.53411,1.53432,1.00,1.19
2017.12.01 01:35:13.046,1.53411,1.53434,2.25,2.25
2017.12.01 01:35:14.782,1.53414,1.53434,1.00,1.19
2017.12.01 01:35:15.391,1.53415,1.53434,1.00,1.19
2017.12.01 01:35:15.835,1.53419,1.53438,1.00,2.81
2017.12.01 01:35:15.888,1.53417,1.53438,1.12,1.31
2017.12.01 01:35:15.991,1.53419,1.53439,1.00,1.69
2017.12.01 01:35:16.560,1.5342,1.53442,1.00,1.31
2017.12.01 01:35:17.293,1.5342,1.53441,1.50,1.19
2017.12.01 01:35:21.714,1.53419,1.53441,1.50,1.56
2017.12.01 01:35:22.270,1.5342,1.53442,1.12,1.69
2017.12.01 01:35:22.980,1.53421,1.53442,1.00,1.31
2017.12.01 01:35:26.078,1.53422,1.53443,1.00,2.06
2017.12.01 01:35:31.316,1.53421,1.53443,1.50,1.81
2017.12.01 01:35:38.693,1.53422,1.53442,1.00,1.19
2017.12.01 01:35:38.931,1.53424,1.53445,1.00,1.69
2017.12.01 01:35:39.295,1.53427,1.53447,1.00,1.31
2017.12.01 01:35:39.763,1.53427,1.53446,1.50,2.06
2017.12.01 01:35:39.963,1.53418,1.5344,1.50,2.81
2017.12.01 01:35:40.066,1.53417,1.53437,1.00,1.50
2017.12.01 01:35:40.798,1.53416,1.53437,1.25,1.69
2017.12.01 01:35:42.042,1.53415,1.53435,1.19,1.00
2017.12.01 01:35:42.093,1.53414,1.53435,1.12,1.25
2017.12.01 01:35:42.848,1.53415,1.53436,1.00,1.31
2017.12.01 01:35:42.900,1.53414,1.53433,1.19,1.00
2017.12.01 01:35:42.952,1.53414,1.53436,1.31,1.00
2017.12.01 01:35:43.250,1.53416,1.53437,1.00,1.87
2017.12.01 01:35:43.457,1.53418,1.5344,1.50,1.12
2017.12.01 01:35:43.716,1.53418,1.53438,1.00,1.69
2017.12.01 01:35:43.767,1.53415,1.53438,3.00,1.69
2017.12.01 01:35:45.631,1.53415,1.53436,2.25,1.31
2017.12.01 01:35:45.843,1.53411,1.53432,1.00,1.69
2017.12.01 01:35:46.255,1.53411,1.53433,1.25,1.25
2017.12.01 01:35:46.638,1.53411,1.53433,2.00,1.69
2017.12.01 01:35:46.945,1.5341,1.53431,1.75,1.69
2017.12.01 01:35:46.997,1.5341,1.53431,1.00,2.06
2017.12.01 01:35:47.100,1.5341,1.5343,1.12,1.50
2017.12.01 01:35:48.663,1.53408,1.53429,1.00,2.62
2017.12.01 01:35:48.767,1.53408,1.5343,2.25,1.87
2017.12.01 01:35:49.011,1.53408,1.5343,1.00,1.56
2017.12.01 01:35:50.039,1.53408,1.5343,1.00,1.87
2017.12.01 01:35:50.445,1.53408,1.5343,1.00,2.62
2017.12.01 01:35:51.268,1.53409,1.53429,1.00,1.31
2017.12.01 01:35:52.044,1.53409,1.53429,1.00,1.19
2017.12.01 01:35:52.709,1.53409,1.5343,1.00,1.19
2017.12.01 01:35:53.231,1.53406,1.53428,1.50,1.25
2017.12.01 01:35:53.825,1.53406,1.53427,2.25,1.00
2017.12.01 01:35:54.137,1.53406,1.53426,1.00,1.19
2017.12.01 01:35:54.709,1.53405,1.53426,1.00,1.87
2017.12.01 01:35:56.657,1.53404,1.53425,3.37,1.19
2017.12.01 01:36:00.020,1.53403,1.53425,1.25,1.69
2017.12.01 01:36:00.553,1.53405,1.53428,1.69,2.81
2017.12.01 01:36:00.860,1.53406,1.53428,2.44,1.25
2017.12.01 01:36:01.409,1.53406,1.53428,1.69,1.69
2017.12.01 01:36:01.460,1.53405,1.53427,1.19,1.75
2017.12.01 01:36:03.540,1.53406,1.53429,1.69,2.25
2017.12.01 01:36:03.745,1.53408,1.53429,1.00,2.25
2017.12.01 01:36:04.376,1.53409,1.53429,1.00,1.87
2017.12.01 01:36:07.439,1.53408,1.53429,1.00,1.44
2017.12.01 01:36:08.451,1.53407,1.53427,1.00,1.00
2017.12.01 01:36:09.112,1.53405,1.53427,2.44,1.00
2017.12.01 01:36:11.824,1.53407,1.53428,1.50,1.12
2017.12.01 01:36:11.928,1.53405,1.53427,1.25,1.31
2017.12.01 01:36:11.980,1.53407,1.53427,1.00,1.31
2017.12.01 01:36:12.367,1.53405,1.53426,1.00,2.62
2017.12.01 01:36:12.874,1.53404,1.53426,1.00,2.62
2017.12.01 01:36:13.973,1.53403,1.53425,1.50,1.12
2017.12.01 01:36:16.506,1.53403,1.53426,2.81,2.44
2017.12.01 01:36:17.053,1.53403,1.53425,1.69,1.87
2017.12.01 01:36:25.224,1.53402,1.53425,1.31,1.87
2017.12.01 01:36:26.692,1.534,1.53422,2.25,1.31
2017.12.01 01:36:27.002,1.53392,1.53414,2.70,1.31
2017.12.01 01:36:30.323,1.53391,1.53411,3.00,1.31
2017.12.01 01:36:32.537,1.53394,1.53411,1.00,1.25
2017.12.01 01:36:32.641,1.53394,1.53416,1.75,3.19
2017.12.01 01:36:32.747,1.53394,1.53414,1.75,1.56
2017.12.01 01:36:32.799,1.53391,1.53414,3.75,2.44
2017.12.01 01:36:33.109,1.53393,1.53416,1.75,3.19
2017.12.01 01:36:33.323,1.53394,1.53416,2.44,1.87
2017.12.01 01:36:33.375,1.53396,1.53418,2.25,1.31
2017.12.01 01:36:33.530,1.53395,1.53417,1.12,1.31
2017.12.01 01:36:35.031,1.53395,1.53417,1.12,1.69
2017.12.01 01:36:35.196,1.53397,1.53417,1.00,1.69
2017.12.01 01:36:35.249,1.53399,1.53421,1.87,1.19
2017.12.01 01:36:36.981,1.53398,1.53419,1.00,1.31
2017.12.01 01:36:37.186,1.53393,1.53416,3.00,1.69
2017.12.01 01:36:37.392,1.53392,1.53413,1.00,2.81
2017.12.01 01:36:37.444,1.5339,1.53412,1.50,2.06
2017.12.01 01:36:37.630,1.53389,1.53412,1.75,2.25
2017.12.01 01:36:37.682,1.53389,1.53412,1.00,3.00
2017.12.01 01:36:38.074,1.5339,1.53412,1.50,2.44
2017.12.01 01:36:38.126,1.53389,1.53411,1.75,1.31
2017.12.01 01:36:38.834,1.53389,1.53411,1.75,1.19
2017.12.01 01:36:39.045,1.53389,1.53412,3.19,1.56
2017.12.01 01:36:39.098,1.53389,1.53411,1.50,1.56
2017.12.01 01:36:39.514,1.53387,1.5341,2.44,2.44
2017.12.01 01:36:41.565,1.53385,1.53408,4.87,1.00
2017.12.01 01:36:42.794,1.53387,1.5341,1.00,4.50
2017.12.01 01:36:47.086,1.5339,1.5341,1.12,1.31
2017.12.01 01:36:47.189,1.5339,1.53412,1.12,2.44
2017.12.01 01:36:47.500,1.53386,1.53406,1.50,1.31
2017.12.01 01:36:48.012,1.53387,1.53409,1.12,2.06
2017.12.01 01:36:48.567,1.53385,1.53407,1.00,1.56
2017.12.01 01:36:49.102,1.53385,1.53407,1.00,1.44
2017.12.01 01:36:49.307,1.53384,1.53405,1.50,1.44
