2017.06.02 01:00:00.096,1.51564,1.51583,1.50,1.00
2017.06.02 01:00:00.250,1.51563,1.51579,1.00,1.00
2017.06.02 01:00:00.491,1.51556,1.51574,1.00,1.50
2017.06.02 01:00:00.542,1.51556,1.51572,1.00,1.00
2017.06.02 01:00:01.066,1.51556,1.51573,1.00,1.00
2017.06.02 01:00:01.598,1.51556,1.51572,1.00,1.00
2017.06.02 01:00:05.908,1.51555,1.51572,1.00,1.00
2017.06.02 01:00:07.179,1.51553,1.51569,1.00,1.00
2017.06.02 01:00:07.282,1.5155,1.51568,3.00,1.00
2017.06.02 01:00:07.384,1.51548,1.51566,1.75,1.00
2017.06.02 01:00:07.486,1.51548,1.51566,1.00,1.00
2017.06.02 01:00:07.994,1.51548,1.51565,1.00,1.00
2017.06.02 01:00:08.045,1.51546,1.51561,1.00,1.64
2017.06.02 01:00:08.202,1.51544,1.51554,1.00,1.00
2017.06.02 01:00:08.254,1.51536,1.51554,1.37,1.00
2017.06.02 01:00:08.305,1.51535,1.51554,1.00,1.00
2017.06.02 01:00:08.824,1.51534,1.51554,3.00,1.00
2017.06.02 01:00:09.725,1.51536,1.51554,1.00,1.00
2017.06.02 01:00:10.075,1.51539,1.51557,1.00,1.10
2017.06.02 01:00:10.639,1.5154,1.51557,1.00,1.00
2017.06.02 01:00:10.690,1.51538,1.51556,1.00,1.00
2017.06.02 01:00:10.843,1.51536,1.51555,1.00,1.00
2017.06.02 01:00:11.309,1.51535,1.51552,1.00,1.00
2017.06.02 01:00:12.024,1.51535,1.51551,1.00,1.00
2017.06.02 01:00:14.451,1.51535,1.51552,1.00,1.00
2017.06.02 01:00:15.027,1.51535,1.51551,1.00,1.00
2017.06.02 01:00:15.530,1.51535,1.51552,1.00,1.00
2017.06.02 01:00:19.274,1.51538,1.51557,1.00,1.95
2017.06.02 01:00:19.376,1.51538,1.51557,1.00,1.57
2017.06.02 01:00:19.921,1.51538,1.51557,1.00,1.57
2017.06.02 01:00:20.331,1.51535,1.51554,2.25,1.00
2017.06.02 01:00:20.784,1.51535,1.51552,1.00,1.00
2017.06.02 01:00:22.389,1.51535,1.51553,1.00,1.00
2017.06.02 01:00:24.811,1.51535,1.51551,1.00,1.00
2017.06.02 01:00:24.964,1.51533,1.51551,1.00,1.00
2017.06.02 01:00:25.512,1.51534,1.51552,1.00,1.00
2017.06.02 01:00:26.166,1.51535,1.51552,1.00,1.00
2017.06.02 01:00:28.439,1.51536,1.51555,1.00,1.10
2017.06.02 01:00:28.541,1.51534,1.51555,1.50,1.00
2017.06.02 01:00:28.967,1.51534,1.51553,1.00,1.00
2017.06.02 01:00:29.544,1.51534,1.51554,1.00,1.00
2017.06.02 01:00:30.246,1.51534,1.51555,1.50,1.10
2017.06.02 01:00:30.587,1.51537,1.51556,1.00,1.10
2017.06.02 01:00:30.742,1.51535,1.51556,1.00,1.57
2017.06.02 01:00:31.467,1.51534,1.51555,2.25,1.00
2017.06.02 01:00:31.990,1.51535,1.51555,1.00,1.00
2017.06.02 01:00:32.041,1.51537,1.51556,1.00,1.00
2017.06.02 01:00:32.601,1.51536,1.51556,1.00,1.50
2017.06.02 01:00:33.545,1.51538,1.51556,1.50,1.00
2017.06.02 01:00:33.699,1.51542,1.51562,1.00,1.57
2017.06.02 01:00:33.904,1.51549,1.51563,1.00,1.00
2017.06.02 01:00:34.007,1.5155,1.51568,1.50,1.07
2017.06.02 01:00:34.059,1.51552,1.51568,1.50,1.00
2017.06.02 01:00:34.110,1.51553,1.51571,1.00,1.00
2017.06.02 01:00:34.263,1.51555,1.51574,1.00,2.32
2017.06.02 01:00:34.314,1.51559,1.51574,1.00,1.57
2017.06.02 01:00:34.468,1.51557,1.51574,1.00,1.57
2017.06.02 01:00:35.087,1.51556,1.51575,1.50,1.07
2017.06.02 01:00:37.459,1.51557,1.51576,1.00,2.89
2017.06.02 01:00:37.511,1.51559,1.51576,1.00,2.81
2017.06.02 01:00:37.943,1.51561,1.51576,1.00,1.31
2017.06.02 01:00:38.463,1.51561,1.51577,1.00,1.00
2017.06.02 01:00:38.875,1.51561,1.51579,1.00,1.57
2017.06.02 01:00:39.427,1.51562,1.51579,1.00,1.00
2017.06.02 01:00:39.479,1.51564,1.5158,1.00,1.00
2017.06.02 01:00:39.581,1.51563,1.51582,1.00,1.50
2017.06.02 01:00:39.787,1.51565,1.51582,1.00,1.00
2017.06.02 01:00:39.890,1.51566,1.51584,1.00,1.00
2017.06.02 01:00:40.044,1.51566,1.51582,1.00,1.00
2017.06.02 01:00:40.350,1.51558,1.51575,1.00,1.00
2017.06.02 01:00:40.892,1.51557,1.51573,1.00,1.00
2017.06.02 01:00:41.506,1.51558,1.51575,1.50,1.00
2017.06.02 01:00:41.710,1.51559,1.51577,1.00,2.32
2017.06.02 01:00:41.813,1.51561,1.51577,1.00,1.50
2017.06.02 01:00:42.168,1.51558,1.51577,1.50,1.10
2017.06.02 01:00:42.684,1.51558,1.51576,1.00,1.57
2017.06.02 01:00:44.455,1.51558,1.51575,1.00,1.00
2017.06.02 01:00:47.972,1.51558,1.51573,1.00,1.00
2017.06.02 01:00:49.426,1.51558,1.51572,1.00,1.00
2017.06.02 01:00:50.135,1.51557,1.51572,1.00,1.00
2017.06.02 01:00:50.237,1.51554,1.51572,1.00,1.00
2017.06.02 01:00:51.172,1.51554,1.51573,1.00,1.57
2017.06.02 01:00:51.756,1.51554,1.51572,1.00,1.00
2017.06.02 01:00:53.490,1.51554,1.51573,1.00,1.50
2017.06.02 01:00:53.990,1.51552,1.51572,1.00,1.57
2017.06.02 01:00:54.320,1.51551,1.51569,1.00,1.39
2017.06.02 01:00:56.385,1.51553,1.51568,1.00,1.00
2017.06.02 01:00:56.437,1.51554,1.51571,1.00,1.10
2017.06.02 01:00:57.293,1.51552,1.51573,1.50,2.89
2017.06.02 01:00:58.974,1.51553,1.51572,1.00,1.07
2017.06.02 01:00:59.996,1.51554,1.51571,1.00,1.39
2017.06.02 01:01:00.507,1.51552,1.51573,1.50,2.14
2017.06.02 01:01:01.073,1.51552,1.51572,1.00,1.64
2017.06.02 01:01:01.228,1.51552,1.51572,1.00,2.14
2017.06.02 01:01:01.381,1.5155,1.5157,1.00,1.95
2017.06.02 01:01:02.054,1.5155,1.5157,1.00,1.95
2017.06.02 01:01:03.526,1.51549,1.51569,1.50,1.45
2017.06.02 01:01:05.384,1.51551,1.5157,1.00,1.95
2017.06.02 01:01:05.588,1.51551,1.51573,1.00,3.45
2017.06.02 01:01:06.047,1.51552,1.51573,1.00,1.95
2017.06.02 01:01:06.243,1.51552,1.51571,1.50,1.01
2017.06.02 01:01:06.749,1.51554,1.51571,1.00,1.01
2017.06.02 01:01:06.954,1.51555,1.51571,1.00,1.10
2017.06.02 01:01:07.107,1.51553,1.51572,1.00,1.01
2017.06.02 01:01:07.261,1.51553,1.51569,1.00,1.32
2017.06.02 01:01:07.596,1.51551,1.51569,1.50,2.51
2017.06.02 01:01:07.647,1.51552,1.51569,1.00,1.10
2017.06.02 01:01:07.751,1.5155,1.51568,1.50,1.01
2017.06.02 01:01:08.108,1.51552,1.51568,1.00,1.20
2017.06.02 01:01:08.630,1.51551,1.51569,1.00,1.20
2017.06.02 01:01:10.001,1.51551,1.51569,1.00,1.20
2017.06.02 01:01:11.559,1.51552,1.51569,1.00,1.07
2017.06.02 01:01:12.887,1.51552,1.51569,1.00,1.07
2017.06.02 01:01:13.040,1.5155,1.51568,1.00,1.07
2017.06.02 01:01:13.326,1.51548,1.51567,1.00,1.01
2017.06.02 01:01:14.159,1.51549,1.51568,1.00,2.51
2017.06.02 01:01:14.715,1.51548,1.51568,1.00,2.51
2017.06.02 01:01:15.196,1.5155,1.51568,1.00,2.51
2017.06.02 01:01:19.908,1.5155,1.51566,1.00,1.01
2017.06.02 01:01:24.775,1.51548,1.51566,1.00,1.01
2017.06.02 01:01:24.978,1.5155,1.51566,1.00,1.32
2017.06.02 01:01:29.816,1.5155,1.51566,1.00,1.32
2017.06.02 01:01:32.314,1.51551,1.51568,1.00,1.64
2017.06.02 01:01:33.171,1.51551,1.51568,1.00,1.64
2017.06.02 01:01:33.584,1.51553,1.51568,1.00,1.39
2017.06.02 01:01:33.686,1.51553,1.5157,1.00,2.32
2017.06.02 01:01:34.384,1.51553,1.51572,1.50,1.64
2017.06.02 01:01:40.101,1.51555,1.51572,1.00,1.39
2017.06.02 01:01:46.409,1.51555,1.51573,1.00,1.64
2017.06.02 01:01:47.913,1.51556,1.51573,1.00,1.66
2017.06.02 01:01:48.016,1.51558,1.51577,1.50,1.20
2017.06.02 01:01:48.170,1.51559,1.51579,1.12,1.20
2017.06.02 01:01:49.512,1.51559,1.51581,1.87,1.57
2017.06.02 01:01:51.154,1.51561,1.51581,1.00,1.57
2017.06.02 01:01:52.853,1.51561,1.51581,1.00,1.57
2017.06.02 01:01:55.556,1.51565,1.51582,1.12,2.32
2017.06.02 01:01:55.659,1.51566,1.51585,1.00,1.10
2017.06.02 01:01:56.017,1.51566,1.51587,1.12,1.57
2017.06.02 01:01:56.069,1.51569,1.51588,1.50,1.07
2017.06.02 01:01:56.274,1.51572,1.51592,1.50,1.39
2017.06.02 01:01:57.081,1.51573,1.51593,1.00,1.39
2017.06.02 01:01:57.724,1.51573,1.51593,1.00,2.14
2017.06.02 01:01:58.479,1.51573,1.51593,1.00,1.07
2017.06.02 01:01:59.705,1.51573,1.51594,1.87,2.32
2017.06.02 01:02:00.130,1.51575,1.51594,1.00,1.00
2017.06.02 01:02:00.684,1.51575,1.51595,1.00,1.00
2017.06.02 01:02:01.957,1.51575,1.51595,1.00,1.07
2017.06.02 01:02:05.768,1.51574,1.51595,1.50,1.57
2017.06.02 01:02:05.984,1.51572,1.51593,1.50,1.66
2017.06.02 01:02:06.087,1.5157,1.51591,1.00,2.14
2017.06.02 01:02:06.730,1.5157,1.51591,1.00,2.14
2017.06.02 01:02:07.280,1.5157,1.51591,1.00,2.14
2017.06.02 01:02:07.883,1.5157,1.51591,1.00,2.14
2017.06.02 01:02:09.175,1.51569,1.5159,1.50,2.14
2017.06.02 01:02:10.922,1.51569,1.5159,1.50,2.14
2017.06.02 01:02:11.878,1.51569,1.5159,1.50,2.14
2017.06.02 01:02:17.619,1.51572,1.5159,1.00,1.07
2017.06.02 01:02:17.778,1.51573,1.51593,1.50,1.10
2017.06.02 01:02:18.325,1.51572,1.51593,1.87,1.57
2017.06.02 01:02:19.701,1.5157,1.51586,1.37,1.00
2017.06.02 01:02:19.804,1.51566,1.51586,1.50,3.26
2017.06.02 01:02:19.951,1.51563,1.51583,1.75,1.39
2017.06.02 01:02:20.003,1.51563,1.51582,1.00,1.10
2017.06.02 01:02:20.551,1.51563,1.51581,1.00,1.00
2017.06.02 01:02:21.354,1.51563,1.51582,1.00,1.10
2017.06.02 01:02:24.384,1.51563,1.51583,1.00,1.39
2017.06.02 01:02:24.996,1.51563,1.51584,1.50,1.64
2017.06.02 01:02:26.643,1.51563,1.51584,1.50,1.64
2017.06.02 01:02:26.694,1.51565,1.51585,1.00,1.76
2017.06.02 01:02:27.007,1.51562,1.51582,2.25,1.32
2017.06.02 01:02:27.313,1.51564,1.51581,1.00,1.32
2017.06.02 01:02:27.517,1.51562,1.51582,1.00,1.76
2017.06.02 01:02:28.019,1.51563,1.51584,1.50,2.51
2017.06.02 01:02:29.544,1.51564,1.51585,1.00,2.51
2017.06.02 01:02:34.710,1.51565,1.51585,1.00,2.51
2017.06.02 01:02:35.230,1.51565,1.51585,1.00,2.51
2017.06.02 01:02:35.889,1.51565,1.51585,1.00,2.51
2017.06.02 01:02:38.449,1.51565,1.51585,1.00,2.51
2017.06.02 01:02:47.863,1.51565,1.51585,1.00,2.14
2017.06.02 01:02:57.776,1.51566,1.51585,1.00,1.64
2017.06.02 01:03:00.135,1.51566,1.51585,1.00,1.64
2017.06.02 01:03:00.684,1.51566,1.51584,1.00,1.39
2017.06.02 01:03:00.735,1.51564,1.51584,1.00,1.39
2017.06.02 01:03:01.342,1.51564,1.51583,1.50,1.57
2017.06.02 01:03:06.173,1.51564,1.51583,1.50,1.10
2017.06.02 01:03:06.766,1.51564,1.51584,1.00,2.51
2017.06.02 01:03:08.225,1.51563,1.51583,1.50,1.07
2017.06.02 01:03:10.964,1.51565,1.51583,1.37,1.07
2017.06.02 01:03:11.142,1.51567,1.51587,1.00,2.32
2017.06.02 01:03:11.513,1.51569,1.51587,1.00,1.07
2017.06.02 01:03:11.717,1.51569,1.51589,1.00,1.57
2017.06.02 01:03:12.073,1.51571,1.51589,1.50,1.10
2017.06.02 01:03:12.475,1.51569,1.51589,1.50,1.10
2017.06.02 01:03:12.577,1.51569,1.51588,1.00,1.07
2017.06.02 01:03:12.985,1.51567,1.51585,1.00,1.10
2017.06.02 01:03:13.290,1.51564,1.51581,1.00,1.10
2017.06.02 01:03:16.805,1.51562,1.51582,1.00,1.07
2017.06.02 01:03:18.132,1.51563,1.51581,1.00,1.10
2017.06.02 01:03:18.488,1.51565,1.51583,1.00,1.07
2017.06.02 01:03:19.072,1.51565,1.51583,1.00,1.07
2017.06.02 01:03:20.776,1.51563,1.51583,1.00,1.07
2017.06.02 01:03:21.356,1.51564,1.51583,1.00,1.07
2017.06.02 01:03:23.066,1.51564,1.51583,1.00,1.07
2017.06.02 01:03:23.322,1.51564,1.51583,1.00,1.10
2017.06.02 01:03:23.535,1.51566,1.51583,1.00,1.07
2017.06.02 01:03:24.049,1.51566,1.51583,1.00,1.00
2017.06.02 01:03:24.735,1.51567,1.51585,1.00,2.32
2017.06.02 01:03:24.887,1.51567,1.51585,1.00,1.57
2017.06.02 01:03:25.750,1.51566,1.51585,1.00,1.07
2017.06.02 01:03:25.852,1.51564,1.51584,1.00,1.07
2017.06.02 01:03:25.904,1.5156,1.5158,3.56,1.00
2017.06.02 01:03:26.006,1.5156,1.51579,1.00,1.00
2017.06.02 01:03:26.886,1.51559,1.51579,1.87,1.10
2017.06.02 01:03:27.718,1.51558,1.51576,1.62,1.50
2017.06.02 01:03:28.024,1.51553,1.51569,1.07,1.00
2017.06.02 01:03:28.680,1.51553,1.51569,1.10,1.00
2017.06.02 01:03:30.673,1.51552,1.51568,1.39,1.00
2017.06.02 01:03:32.067,1.51553,1.51568,1.07,1.00
2017.06.02 01:03:32.118,1.51553,1.51574,1.07,1.00
2017.06.02 01:03:32.866,1.51553,1.51574,1.95,1.00
2017.06.02 01:03:33.144,1.51554,1.5157,1.20,1.00
2017.06.02 01:03:33.648,1.51554,1.5157,1.20,1.00
2017.06.02 01:03:37.190,1.51554,1.5157,1.20,1.00
2017.06.02 01:03:37.572,1.51554,1.5157,1.20,1.00
2017.06.02 01:03:41.646,1.51555,1.5157,1.00,1.00
2017.06.02 01:03:41.697,1.51555,1.51572,1.00,1.00
2017.06.02 01:03:42.397,1.51555,1.51572,1.07,1.00
2017.06.02 01:03:46.656,1.51554,1.51572,1.07,1.00
2017.06.02 01:03:48.183,1.51554,1.51571,1.07,1.00
2017.06.02 01:03:48.747,1.51554,1.5157,1.10,1.00
2017.06.02 01:03:51.947,1.51553,1.51571,1.07,1.00
2017.06.02 01:03:51.998,1.51552,1.51569,1.07,1.00
2017.06.02 01:03:53.217,1.51552,1.51569,1.20,1.00
2017.06.02 01:03:54.166,1.51554,1.5157,1.07,1.00
2017.06.02 01:03:54.428,1.51555,1.51572,1.07,1.00
2017.06.02 01:03:54.833,1.51554,1.5157,1.07,1.00
2017.06.02 01:03:55.476,1.51554,1.51569,1.00,1.00
2017.06.02 01:03:58.869,1.51554,1.5157,1.00,1.00
2017.06.02 01:04:04.663,1.51552,1.5157,1.57,1.00
2017.06.02 01:04:05.178,1.51552,1.51569,1.12,1.00
2017.06.02 01:04:05.833,1.51552,1.5157,1.00,1.00
2017.06.02 01:04:06.426,1.51552,1.51569,1.00,1.00
2017.06.02 01:04:07.662,1.51553,1.5157,1.00,1.00
2017.06.02 01:04:08.213,1.51552,1.5157,1.10,1.00
2017.06.02 01:04:09.182,1.51553,1.5157,1.00,1.00
2017.06.02 01:04:10.488,1.51553,1.51571,1.00,1.00
2017.06.02 01:04:14.044,1.51553,1.5157,1.10,1.00
2017.06.02 01:04:14.415,1.51552,1.51568,1.57,1.00
2017.06.02 01:04:34.816,1.51551,1.51568,1.20,1.00
2017.06.02 01:04:54.235,1.51552,1.51568,1.00,1.00
2017.06.02 01:05:00.741,1.51549,1.51568,3.07,1.00
2017.06.02 01:05:01.048,1.51547,1.51563,1.85,1.00
2017.06.02 01:05:01.099,1.51547,1.51562,1.85,1.00
2017.06.02 01:05:02.033,1.51546,1.51561,1.85,1.00
2017.06.02 01:05:03.063,1.51546,1.51562,1.75,1.00
2017.06.02 01:05:03.114,1.51547,1.51562,1.00,1.00
2017.06.02 01:05:03.166,1.51547,1.5156,1.00,1.00
2017.06.02 01:05:03.421,1.51545,1.51559,1.00,1.00
2017.06.02 01:05:03.854,1.51543,1.51559,1.20,1.00
2017.06.02 01:05:06.061,1.51547,1.51562,1.00,1.00
2017.06.02 01:05:06.115,1.51547,1.51564,1.50,1.00
2017.06.02 01:05:06.218,1.5155,1.51566,1.50,1.00
2017.06.02 01:05:07.368,1.51555,1.51571,1.00,1.00
2017.06.02 01:05:07.470,1.51555,1.51574,1.07,1.00
2017.06.02 01:05:07.522,1.51556,1.51574,1.85,1.00
2017.06.02 01:05:07.839,1.51557,1.51574,1.82,1.00
2017.06.02 01:05:11.083,1.51558,1.51575,1.82,1.00
2017.06.02 01:05:11.547,1.51556,1.51573,2.32,1.00
2017.06.02 01:05:11.753,1.51555,1.51572,1.10,1.00
2017.06.02 01:05:11.804,1.51554,1.51569,2.62,1.00
2017.06.02 01:05:12.530,1.51553,1.51568,1.50,1.00
2017.06.02 01:05:19.587,1.51551,1.51567,1.85,1.00
2017.06.02 01:05:19.638,1.51551,1.51566,1.20,1.00
2017.06.02 01:05:20.146,1.5155,1.51565,2.32,1.00
2017.06.02 01:05:24.680,1.51551,1.51566,1.20,1.00
2017.06.02 01:05:24.833,1.51554,1.51569,1.00,1.00
2017.06.02 01:05:25.808,1.51555,1.51569,1.00,1.00
2017.06.02 01:05:26.767,1.51556,1.51571,1.00,1.00
2017.06.02 01:05:26.937,1.51557,1.51574,1.10,1.00
2017.06.02 01:05:29.212,1.51558,1.51574,1.00,1.00
2017.06.02 01:05:31.933,1.51556,1.51574,2.14,1.00
2017.06.02 01:05:35.976,1.51556,1.51574,2.14,1.00
2017.06.02 01:05:40.166,1.51556,1.51574,2.14,1.00
2017.06.02 01:05:40.697,1.51556,1.51573,2.14,1.00
2017.06.02 01:05:43.025,1.51556,1.51572,2.14,1.00
2017.06.02 01:05:49.535,1.51556,1.51575,1.20,1.00
2017.06.02 01:05:49.738,1.51558,1.51575,1.20,1.00
2017.06.02 01:05:50.344,1.51557,1.51575,1.82,1.00
2017.06.02 01:05:54.369,1.51557,1.51574,1.82,1.00
2017.06.02 01:05:54.726,1.51558,1.51574,1.20,1.00
2017.06.02 01:05:57.195,1.51555,1.51573,1.82,1.00
2017.06.02 01:05:57.246,1.51555,1.51571,1.75,1.00
2017.06.02 01:05:57.298,1.51555,1.51571,1.12,1.00
2017.06.02 01:05:59.030,1.51554,1.51572,1.50,1.00
2017.06.02 01:06:00.217,1.51554,1.51573,1.57,1.00
2017.06.02 01:06:00.779,1.51554,1.51573,1.57,1.00
2017.06.02 01:06:03.605,1.51554,1.51573,1.57,1.00
2017.06.02 01:06:05.174,1.51555,1.51572,1.20,1.00
2017.06.02 01:06:05.636,1.51554,1.51571,1.82,1.00
2017.06.02 01:06:05.740,1.51554,1.51571,1.57,1.00
2017.06.02 01:06:13.210,1.51556,1.51571,1.10,1.00
2017.06.02 01:06:13.767,1.51556,1.51572,1.00,1.00
2017.06.02 01:06:20.406,1.51555,1.51572,1.20,1.00
2017.06.02 01:06:22.819,1.51554,1.51571,1.50,1.00
2017.06.02 01:06:22.870,1.51554,1.51573,1.50,1.00
2017.06.02 01:06:23.832,1.51554,1.51572,1.50,1.00
2017.06.02 01:06:25.149,1.5155,1.51567,1.75,1.31
2017.06.02 01:06:25.354,1.51544,1.51562,1.47,1.00
2017.06.02 01:06:25.861,1.51544,1.51562,1.10,1.00
2017.06.02 01:06:28.898,1.51544,1.51562,1.07,1.00
2017.06.02 01:06:29.000,1.51544,1.5156,1.00,1.00
2017.06.02 01:06:31.028,1.51542,1.51553,1.00,1.00
2017.06.02 01:06:31.182,1.51536,1.51552,1.00,1.00
2017.06.02 01:06:35.486,1.51535,1.51552,1.00,1.00
2017.06.02 01:06:39.443,1.51536,1.51552,1.00,1.00
2017.06.02 01:06:40.376,1.51535,1.51551,1.00,1.00
2017.06.02 01:06:41.374,1.51534,1.51551,1.00,1.00
2017.06.02 01:06:43.322,1.51531,1.5155,1.50,1.50
2017.06.02 01:06:43.373,1.5153,1.51549,1.12,1.50
2017.06.02 01:06:43.424,1.5153,1.51545,1.12,1.31
2017.06.02 01:06:43.732,1.51523,1.51542,1.75,1.00
2017.06.02 01:06:44.261,1.51523,1.51543,1.85,1.31
2017.06.02 01:06:45.578,1.51523,1.51544,1.12,2.14
2017.06.02 01:06:45.883,1.51523,1.51542,1.75,1.00
2017.06.02 01:06:45.985,1.51523,1.51542,1.50,1.00
2017.06.02 01:06:46.428,1.51523,1.51544,1.50,1.31
2017.06.02 01:06:46.480,1.51525,1.51544,1.50,1.39
2017.06.02 01:06:52.480,1.51525,1.51544,1.75,1.00
2017.06.02 01:06:57.263,1.51525,1.51541,1.50,1.00
2017.06.02 01:06:57.316,1.51523,1.51543,3.07,1.00
2017.06.02 01:06:57.369,1.51525,1.51542,1.50,1.56
2017.06.02 01:06:57.879,1.51525,1.51541,1.00,1.00
2017.06.02 01:06:58.382,1.51526,1.51542,1.00,1.00
2017.06.02 01:06:59.473,1.51526,1.51543,1.00,1.00
2017.06.02 01:07:00.912,1.51526,1.51542,1.00,1.00
2017.06.02 01:07:08.184,1.51525,1.51542,1.10,1.00
2017.06.02 01:07:09.507,1.51526,1.51542,1.00,1.00
2017.06.02 01:07:11.257,1.51527,1.51544,1.00,1.50
2017.06.02 01:07:11.781,1.51527,1.51544,1.50,1.00
2017.06.02 01:07:17.201,1.51527,1.51546,1.50,1.00
2017.06.02 01:07:34.397,1.51525,1.5154,1.82,1.00
2017.06.02 01:07:34.653,1.51524,1.51542,1.10,1.50
2017.06.02 01:07:34.805,1.51523,1.51541,2.32,1.00
2017.06.02 01:07:35.010,1.51525,1.51543,1.20,1.00
2017.06.02 01:07:35.558,1.51527,1.51543,1.10,1.00
2017.06.02 01:07:38.343,1.51533,1.51549,1.00,1.10
2017.06.02 01:07:38.395,1.51531,1.51549,1.00,1.10
2017.06.02 01:07:39.006,1.5153,1.51549,1.10,1.00
2017.06.02 01:07:43.012,1.5153,1.5155,1.00,1.12
2017.06.02 01:07:44.171,1.51529,1.5155,1.57,1.12
2017.06.02 01:07:44.223,1.51531,1.5155,1.00,1.00
2017.06.02 01:07:44.828,1.51531,1.51551,1.57,1.50
2017.06.02 01:07:48.293,1.51531,1.51551,1.12,1.87
2017.06.02 01:07:49.841,1.51533,1.51551,1.00,1.00
2017.06.02 01:07:49.994,1.51533,1.51553,1.00,1.50
2017.06.02 01:07:51.328,1.51534,1.51554,1.00,2.51
2017.06.02 01:07:52.935,1.51534,1.51553,1.10,1.00
2017.06.02 01:07:55.083,1.51533,1.51553,1.57,1.00
2017.06.02 01:07:56.227,1.51533,1.51553,1.57,1.00
2017.06.02 01:07:57.410,1.51533,1.51553,1.57,1.00
2017.06.02 01:08:04.083,1.51532,1.51553,2.70,2.62
2017.06.02 01:08:04.134,1.51532,1.51553,1.87,2.70
2017.06.02 01:08:04.237,1.5153,1.51551,1.95,1.37
2017.06.02 01:08:08.529,1.51531,1.5155,1.00,1.37
2017.06.02 01:08:09.673,1.5153,1.51549,1.00,1.12
2017.06.02 01:08:11.069,1.51532,1.51551,1.00,1.50
2017.06.02 01:08:11.631,1.51532,1.5155,1.00,1.00
2017.06.02 01:08:12.319,1.51532,1.51552,1.50,1.47
2017.06.02 01:08:15.109,1.51532,1.51552,1.50,1.20
2017.06.02 01:08:18.119,1.51532,1.51554,1.10,1.95
2017.06.02 01:08:18.664,1.51534,1.51554,1.00,1.95
2017.06.02 01:08:23.857,1.51534,1.51552,1.00,1.00
2017.06.02 01:08:27.823,1.51534,1.51553,1.00,1.00
2017.06.02 01:08:34.040,1.51535,1.51553,1.00,1.00
2017.06.02 01:08:36.353,1.51533,1.51553,1.20,1.00
2017.06.02 01:08:38.391,1.51533,1.51554,1.95,2.25
2017.06.02 01:08:38.911,1.51533,1.51553,1.50,1.00
2017.06.02 01:08:39.498,1.51534,1.51554,1.10,1.00
2017.06.02 01:08:39.684,1.51532,1.5155,1.07,1.00
2017.06.02 01:08:39.894,1.51531,1.5155,1.00,1.87
2017.06.02 01:08:41.200,1.5153,1.5155,1.20,1.50
2017.06.02 01:08:41.614,1.51529,1.51548,1.00,1.00
2017.06.02 01:08:42.222,1.51528,1.51547,1.00,1.00
2017.06.02 01:08:42.798,1.51527,1.51547,1.57,1.00
2017.06.02 01:08:43.120,1.51528,1.51547,1.10,1.94
2017.06.02 01:08:43.273,1.51526,1.51545,1.95,1.31
2017.06.02 01:08:44.894,1.51528,1.51547,1.00,1.87
2017.06.02 01:08:45.203,1.51527,1.51546,1.00,1.69
2017.06.02 01:08:48.854,1.51527,1.51546,1.00,2.44
2017.06.02 01:08:55.460,1.51527,1.51546,1.50,1.69
2017.06.02 01:08:55.563,1.51528,1.51548,1.00,1.87
2017.06.02 01:08:55.721,1.51531,1.51551,1.00,3.26
2017.06.02 01:08:56.117,1.51532,1.51552,1.57,1.37
2017.06.02 01:08:56.618,1.51532,1.51552,1.57,1.12
2017.06.02 01:08:56.938,1.51532,1.5155,1.50,1.00
2017.06.02 01:08:57.706,1.51533,1.5155,1.00,1.00
2017.06.02 01:08:59.910,1.51532,1.5155,1.50,1.00
2017.06.02 01:09:00.473,1.51533,1.5155,1.00,1.00
2017.06.02 01:09:05.684,1.51528,1.51546,2.32,1.37
2017.06.02 01:09:05.787,1.51524,1.51544,2.32,1.37
2017.06.02 01:09:05.890,1.51523,1.51541,1.00,1.00
2017.06.02 01:09:06.395,1.51522,1.51541,1.00,1.00
2017.06.02 01:09:06.901,1.51521,1.51541,1.00,1.10
2017.06.02 01:09:07.055,1.51518,1.51536,1.10,1.94
2017.06.02 01:09:07.208,1.51514,1.51532,1.00,1.12
2017.06.02 01:09:08.091,1.51513,1.51533,1.00,1.69
2017.06.02 01:09:08.819,1.51513,1.51533,1.00,1.69
2017.06.02 01:09:09.386,1.51512,1.51533,1.10,2.44
2017.06.02 01:09:14.110,1.51517,1.51535,1.00,1.39
2017.06.02 01:09:14.162,1.51518,1.51537,1.07,1.75
2017.06.02 01:09:14.213,1.51521,1.51537,1.00,1.75
2017.06.02 01:09:14.265,1.51522,1.51541,1.50,1.87
2017.06.02 01:09:14.418,1.51523,1.51543,1.00,1.12
2017.06.02 01:09:15.481,1.51523,1.51543,1.00,1.37
2017.06.02 01:09:15.989,1.51522,1.51542,1.50,1.12
2017.06.02 01:09:16.525,1.51522,1.51541,1.00,1.12
2017.06.02 01:09:20.797,1.51524,1.51542,1.00,1.12
2017.06.02 01:09:22.454,1.51524,1.51543,1.00,1.57
2017.06.02 01:09:27.151,1.51524,1.51542,1.00,1.00
2017.06.02 01:09:31.803,1.51522,1.51541,1.10,1.00
2017.06.02 01:09:32.889,1.51523,1.51541,1.00,1.00
2017.06.02 01:09:33.578,1.51523,1.51541,1.07,1.00
2017.06.02 01:09:39.439,1.51522,1.51541,1.20,1.00
2017.06.02 01:09:40.014,1.51522,1.5154,1.20,1.00
2017.06.02 01:09:41.432,1.51522,1.5154,1.20,1.00
2017.06.02 01:09:43.860,1.51522,1.51542,1.20,1.50
2017.06.02 01:09:44.481,1.51522,1.51542,1.07,1.50
2017.06.02 01:09:45.175,1.51522,1.51542,1.07,1.50
2017.06.02 01:09:50.219,1.51523,1.51542,1.07,1.50
2017.06.02 01:09:50.761,1.51524,1.51542,1.07,1.00
2017.06.02 01:09:50.812,1.51524,1.51544,1.07,1.50
2017.06.02 01:09:50.864,1.51529,1.51545,1.00,1.00
2017.06.02 01:09:51.017,1.5153,1.51547,1.00,1.00
2017.06.02 01:09:51.119,1.5153,1.5155,1.10,1.00
2017.06.02 01:09:51.833,1.5153,1.5155,1.07,1.00
2017.06.02 01:09:52.495,1.5153,1.5155,1.10,1.00
2017.06.02 01:09:53.214,1.5153,1.5155,1.07,1.00
2017.06.02 01:09:54.114,1.5153,1.51549,1.07,1.00
2017.06.02 01:09:54.621,1.51531,1.51548,1.10,1.00
2017.06.02 01:09:55.114,1.51528,1.51547,2.32,1.00
2017.06.02 01:09:55.841,1.51529,1.51548,1.20,1.00
2017.06.02 01:09:56.491,1.51529,1.51549,1.20,1.00
2017.06.02 01:09:57.059,1.51529,1.51549,1.20,1.00
2017.06.02 01:09:57.162,1.51529,1.51547,1.20,1.12
2017.06.02 01:09:57.807,1.51529,1.51547,1.12,1.12
2017.06.02 01:10:00.624,1.51528,1.51547,1.10,1.12
2017.06.02 01:10:01.001,1.51525,1.51545,2.25,1.69
2017.06.02 01:10:01.052,1.51525,1.51543,1.50,1.37
2017.06.02 01:10:01.617,1.51523,1.51542,1.57,1.12
2017.06.02 01:10:02.063,1.51527,1.51545,1.00,1.00
2017.06.02 01:10:02.619,1.51527,1.51544,1.00,1.12
2017.06.02 01:10:03.164,1.51527,1.51545,1.00,1.00
2017.06.02 01:10:03.922,1.51526,1.51545,1.00,1.00
2017.06.02 01:10:05.037,1.51526,1.51545,1.00,1.37
2017.06.02 01:10:05.346,1.51526,1.51544,1.07,1.00
2017.06.02 01:10:05.851,1.51527,1.51545,1.10,1.37
2017.06.02 01:10:07.018,1.51526,1.51544,1.07,1.12
2017.06.02 01:10:07.515,1.51529,1.51546,1.00,1.37
2017.06.02 01:10:07.568,1.51529,1.51549,1.00,1.57
2017.06.02 01:10:07.619,1.51531,1.51549,1.00,1.50
2017.06.02 01:10:08.027,1.51533,1.51551,1.00,1.12
2017.06.02 01:10:09.011,1.51533,1.51552,1.07,1.12
2017.06.02 01:10:11.155,1.51536,1.51554,1.00,1.37
2017.06.02 01:10:11.258,1.51537,1.51555,1.00,1.00
2017.06.02 01:10:11.310,1.51537,1.51557,1.10,1.87
2017.06.02 01:10:11.514,1.51537,1.51555,1.57,1.00
2017.06.02 01:10:11.823,1.51535,1.51552,1.20,1.00
2017.06.02 01:10:12.130,1.51533,1.51552,1.07,1.00
2017.06.02 01:10:12.232,1.51536,1.51554,1.00,1.00
2017.06.02 01:10:12.534,1.51539,1.51556,1.07,1.00
2017.06.02 01:10:13.139,1.51539,1.51557,1.00,1.00
2017.06.02 01:10:14.595,1.51539,1.51558,1.00,1.00
2017.06.02 01:10:15.139,1.5154,1.51559,1.00,1.00
2017.06.02 01:10:15.960,1.51541,1.51559,1.00,1.00
2017.06.02 01:10:16.990,1.51544,1.51561,1.00,1.00
2017.06.02 01:10:17.093,1.51544,1.51564,1.00,1.20
2017.06.02 01:10:17.195,1.51544,1.51561,1.00,1.00
2017.06.02 01:10:17.601,1.51544,1.51563,1.00,1.00
2017.06.02 01:10:18.103,1.51544,1.51562,1.35,1.00
2017.06.02 01:10:18.631,1.51545,1.51563,1.00,1.00
2017.06.02 01:10:19.062,1.51546,1.51566,1.00,1.20
2017.06.02 01:10:19.580,1.51546,1.51566,1.50,1.00
2017.06.02 01:10:21.524,1.51543,1.51562,2.32,1.37
2017.06.02 01:10:21.577,1.51542,1.51562,2.32,1.00
2017.06.02 01:10:21.628,1.51542,1.51562,1.45,1.12
2017.06.02 01:10:21.680,1.51542,1.5156,1.07,1.00
2017.06.02 01:10:21.731,1.51541,1.5156,1.07,1.00
2017.06.02 01:10:22.269,1.5154,1.51559,1.07,1.00
2017.06.02 01:10:23.093,1.5154,1.51559,1.10,1.31
2017.06.02 01:10:24.895,1.51541,1.51559,1.00,1.31
2017.06.02 01:10:27.696,1.51541,1.51559,1.42,1.00
2017.06.02 01:10:28.273,1.51543,1.5156,1.10,1.00
2017.06.02 01:10:30.237,1.51543,1.51561,1.10,1.00
2017.06.02 01:10:30.831,1.51543,1.51561,1.07,1.00
2017.06.02 01:10:33.924,1.51543,1.51561,1.42,1.31
2017.06.02 01:10:34.077,1.5154,1.5156,1.75,1.07
2017.06.02 01:10:34.179,1.5154,1.51558,1.12,1.00
2017.06.02 01:10:35.038,1.5154,1.51557,1.00,1.00
2017.06.02 01:10:35.568,1.51539,1.51557,1.00,1.07
2017.06.02 01:10:36.275,1.51538,1.51556,1.50,1.10
2017.06.02 01:10:38.953,1.51538,1.51558,1.87,1.10
2017.06.02 01:10:39.004,1.51538,1.51555,3.37,1.00
2017.06.02 01:10:39.055,1.51538,1.51557,2.62,1.00
2017.06.02 01:10:39.968,1.5154,1.51557,1.00,1.76
2017.06.02 01:10:40.274,1.51538,1.51557,1.50,1.76
2017.06.02 01:10:41.067,1.51538,1.51555,1.50,1.00
2017.06.02 01:10:48.273,1.51541,1.51556,1.00,1.10
2017.06.02 01:10:48.326,1.5154,1.51559,1.00,1.00
2017.06.02 01:10:48.894,1.5154,1.51558,1.12,1.00
2017.06.02 01:10:49.280,1.51542,1.51559,1.00,1.00
2017.06.02 01:10:49.383,1.51539,1.51559,1.50,1.12
2017.06.02 01:10:49.536,1.51539,1.51557,1.00,1.00
2017.06.02 01:10:51.434,1.51545,1.5156,1.00,1.07
2017.06.02 01:10:51.485,1.51545,1.51561,1.00,1.00
2017.06.02 01:10:52.212,1.51545,1.51563,1.00,1.00
2017.06.02 01:10:55.928,1.51545,1.51562,1.00,1.00
2017.06.02 01:10:57.487,1.51546,1.51562,1.00,1.00
2017.06.02 01:10:59.851,1.51546,1.51561,1.00,1.00
2017.06.02 01:11:00.379,1.51545,1.51561,1.00,1.00
2017.06.02 01:11:00.871,1.51541,1.51561,1.00,1.07
2017.06.02 01:11:00.922,1.51539,1.51557,1.50,1.69
2017.06.02 01:11:01.166,1.51535,1.51556,2.62,1.45
2017.06.02 01:11:01.217,1.51535,1.51553,2.25,1.07
2017.06.02 01:11:03.586,1.51535,1.51553,1.00,1.57
2017.06.02 01:11:03.842,1.51524,1.51543,1.00,1.20
2017.06.02 01:11:04.367,1.51524,1.51543,1.00,1.20
2017.06.02 01:11:04.570,1.5152,1.51537,1.50,1.37
2017.06.02 01:11:04.825,1.51514,1.51534,1.00,1.47
2017.06.02 01:11:04.877,1.51514,1.51534,1.00,1.10
2017.06.02 01:11:05.565,1.51514,1.51534,1.00,1.07
2017.06.02 01:11:06.070,1.51514,1.51534,1.00,1.07
2017.06.02 01:11:06.428,1.51512,1.51532,1.00,1.10
2017.06.02 01:11:06.479,1.51515,1.51533,1.00,1.20
2017.06.02 01:11:06.786,1.51521,1.51541,1.00,1.00
2017.06.02 01:11:07.192,1.51521,1.51543,1.50,1.10
2017.06.02 01:11:07.764,1.51522,1.51543,1.50,1.10
2017.06.02 01:11:09.984,1.51523,1.51543,1.00,1.10
2017.06.02 01:11:10.138,1.51525,1.51543,1.00,1.10
2017.06.02 01:11:10.291,1.51526,1.51546,1.12,1.10
2017.06.02 01:11:10.817,1.51526,1.51546,1.00,1.57
2017.06.02 01:11:10.973,1.51527,1.51548,1.10,1.12
2017.06.02 01:11:11.024,1.51529,1.51548,1.00,1.12
2017.06.02 01:11:13.956,1.51528,1.51548,1.00,1.10
2017.06.02 01:11:15.082,1.5153,1.51549,1.50,1.20
2017.06.02 01:11:15.593,1.51529,1.51549,1.00,1.10
2017.06.02 01:11:15.900,1.51528,1.51549,1.00,1.57
2017.06.02 01:11:20.582,1.51528,1.51547,1.00,1.20
2017.06.02 01:11:21.124,1.51528,1.51547,1.00,1.57
2017.06.02 01:11:21.335,1.51526,1.51547,1.50,1.57
2017.06.02 01:11:21.999,1.51526,1.51547,1.50,2.32
2017.06.02 01:11:24.352,1.51526,1.51546,1.00,1.57
2017.06.02 01:11:24.858,1.51526,1.51545,1.00,1.07
2017.06.02 01:11:28.943,1.51526,1.51546,1.00,2.14
2017.06.02 01:11:29.476,1.51526,1.51546,1.00,1.76
2017.06.02 01:11:30.020,1.51526,1.51546,1.00,1.76
2017.06.02 01:11:30.630,1.51525,1.51544,1.00,1.07
2017.06.02 01:11:31.331,1.51526,1.51545,1.00,1.20
2017.06.02 01:11:35.324,1.51526,1.51546,1.00,1.76
2017.06.02 01:11:41.189,1.51526,1.51547,1.50,1.57
2017.06.02 01:11:41.694,1.51527,1.51547,1.00,1.07
2017.06.02 01:11:43.167,1.51527,1.51547,1.35,1.10
2017.06.02 01:11:44.159,1.51528,1.51547,1.00,1.10
2017.06.02 01:11:51.107,1.51527,1.51547,1.50,1.00
2017.06.02 01:11:51.609,1.51527,1.51548,1.50,1.50
2017.06.02 01:11:52.161,1.51533,1.5155,1.00,2.89
2017.06.02 01:11:52.384,1.51534,1.51555,1.50,1.10
2017.06.02 01:11:53.187,1.51535,1.51556,1.00,1.57
2017.06.02 01:11:54.436,1.51535,1.51556,1.00,2.51
2017.06.02 01:11:54.488,1.51533,1.51556,1.00,3.26
2017.06.02 01:11:54.743,1.51531,1.51552,1.00,1.39
2017.06.02 01:11:54.896,1.5153,1.51549,1.50,1.00
2017.06.02 01:11:55.022,1.51531,1.51551,1.00,1.10
2017.06.02 01:11:55.074,1.51531,1.51549,1.00,1.00
2017.06.02 01:12:00.034,1.51529,1.51549,1.12,1.00
2017.06.02 01:12:00.170,1.51529,1.51547,1.00,1.00
2017.06.02 01:12:00.221,1.51527,1.51547,1.87,1.00
2017.06.02 01:12:00.947,1.51527,1.51546,1.50,1.00
2017.06.02 01:12:01.625,1.51526,1.51545,2.25,1.00
2017.06.02 01:12:02.864,1.51527,1.51545,1.00,1.00
2017.06.02 01:12:03.400,1.51527,1.51546,1.00,1.10
2017.06.02 01:12:05.754,1.51526,1.51546,2.25,1.10
2017.06.02 01:12:06.675,1.51527,1.51545,1.00,1.10
2017.06.02 01:12:07.507,1.51525,1.51545,1.50,1.00
2017.06.02 01:12:10.119,1.51524,1.51545,1.50,1.00
2017.06.02 01:12:11.169,1.51523,1.51544,1.12,1.10
2017.06.02 01:12:11.222,1.51523,1.51542,1.12,1.31
2017.06.02 01:12:11.527,1.51521,1.5154,1.00,1.10
2017.06.02 01:12:12.134,1.5152,1.5154,1.50,1.00
2017.06.02 01:12:15.003,1.5152,1.5154,1.00,1.20
2017.06.02 01:12:15.596,1.51519,1.5154,1.87,1.20
2017.06.02 01:12:15.965,1.51522,1.51541,1.00,1.45
2017.06.02 01:12:16.067,1.51522,1.51541,1.50,1.00
2017.06.02 01:12:16.611,1.51521,1.51541,1.00,1.10
2017.06.02 01:12:17.431,1.5152,1.51541,1.12,1.95
2017.06.02 01:12:17.534,1.5152,1.5154,1.00,1.07
2017.06.02 01:12:22.108,1.51521,1.5154,1.00,1.57
2017.06.02 01:12:22.415,1.51525,1.51544,1.00,1.00
2017.06.02 01:12:23.054,1.51525,1.51546,1.00,1.57
2017.06.02 01:12:23.616,1.51525,1.51546,1.00,1.57
2017.06.02 01:12:24.434,1.51521,1.51544,1.75,1.57
2017.06.02 01:12:24.638,1.51521,1.51542,1.12,1.20
2017.06.02 01:12:25.187,1.51521,1.51542,1.12,1.20
2017.06.02 01:12:25.823,1.51521,1.51542,1.12,1.20
2017.06.02 01:12:27.011,1.51521,1.51542,1.12,1.20
2017.06.02 01:12:27.525,1.51521,1.51542,1.12,1.20
2017.06.02 01:12:31.290,1.51521,1.51542,1.12,1.20
2017.06.02 01:12:32.610,1.51521,1.51541,1.12,1.00
2017.06.02 01:12:34.862,1.51518,1.51541,2.32,1.95
2017.06.02 01:12:35.367,1.51518,1.51539,1.85,1.00
2017.06.02 01:12:39.022,1.51518,1.5154,2.32,1.00
2017.06.02 01:12:39.124,1.51518,1.5154,2.25,1.20
2017.06.02 01:12:39.226,1.51518,1.51538,1.50,1.00
2017.06.02 01:12:39.738,1.51517,1.51538,1.50,1.87
2017.06.02 01:12:40.961,1.5152,1.51539,1.00,1.10
2017.06.02 01:12:41.218,1.51523,1.51543,1.12,2.44
2017.06.02 01:12:45.386,1.51521,1.51543,2.25,1.47
2017.06.02 01:12:45.858,1.51521,1.51543,1.87,1.45
2017.06.02 01:12:47.994,1.51521,1.51543,1.87,1.47
2017.06.02 01:12:48.501,1.5152,1.51541,1.12,1.47
2017.06.02 01:12:49.246,1.51521,1.51543,1.00,3.45
2017.06.02 01:12:50.778,1.51521,1.51543,1.00,2.70
2017.06.02 01:12:53.217,1.51522,1.51543,1.00,1.76
2017.06.02 01:12:53.916,1.51523,1.51543,1.00,1.12
2017.06.02 01:12:55.217,1.51522,1.51544,1.87,1.45
2017.06.02 01:12:56.786,1.51523,1.51544,1.00,1.45
2017.06.02 01:12:57.489,1.51523,1.51544,1.00,1.45
2017.06.02 01:12:58.142,1.51523,1.51544,1.00,1.45
2017.06.02 01:13:00.221,1.51523,1.51544,1.00,1.45
2017.06.02 01:13:00.373,1.51521,1.51541,1.50,1.12
2017.06.02 01:13:00.907,1.51521,1.51542,1.00,1.95
2017.06.02 01:13:01.122,1.51521,1.51542,1.00,1.20
2017.06.02 01:13:03.293,1.51521,1.51542,1.00,1.47
2017.06.02 01:13:03.797,1.51521,1.51543,1.50,2.51
2017.06.02 01:13:05.698,1.51522,1.51542,1.00,1.10
2017.06.02 01:13:06.248,1.51522,1.51544,1.00,1.95
2017.06.02 01:13:11.202,1.51522,1.51544,1.00,1.45
2017.06.02 01:13:12.261,1.51522,1.51543,1.00,2.51
2017.06.02 01:13:12.363,1.51522,1.51544,1.50,1.95
2017.06.02 01:13:17.200,1.51522,1.51543,1.00,1.47
2017.06.02 01:13:25.292,1.51524,1.51544,1.00,1.45
2017.06.02 01:13:29.455,1.51524,1.51544,1.00,1.20
2017.06.02 01:13:30.476,1.51523,1.51544,1.00,1.20
2017.06.02 01:13:36.682,1.51524,1.51544,1.00,1.20
2017.06.02 01:13:36.988,1.51531,1.51549,1.00,1.57
2017.06.02 01:13:37.142,1.51531,1.51551,1.00,1.57
2017.06.02 01:13:41.357,1.51539,1.51552,1.00,1.00
2017.06.02 01:13:41.410,1.51539,1.51554,1.00,1.50
2017.06.02 01:13:41.716,1.51538,1.5156,1.12,1.10
2017.06.02 01:13:41.819,1.51541,1.5156,1.00,1.10
2017.06.02 01:13:42.085,1.51539,1.51561,1.10,1.12
2017.06.02 01:13:42.608,1.5154,1.51562,1.50,1.57
2017.06.02 01:13:43.211,1.51541,1.51562,1.00,2.32
2017.06.02 01:13:45.358,1.5154,1.5156,1.00,1.20
2017.06.02 01:13:45.859,1.5154,1.51559,1.00,1.00
2017.06.02 01:13:46.515,1.51539,1.51559,1.12,1.00
2017.06.02 01:13:48.149,1.51539,1.51559,1.12,1.07
2017.06.02 01:13:50.018,1.51539,1.51559,1.12,1.20
2017.06.02 01:13:51.323,1.5154,1.51559,1.00,1.20
2017.06.02 01:13:51.932,1.51539,1.51559,1.12,1.20
2017.06.02 01:13:54.294,1.5154,1.51559,1.00,1.07
2017.06.02 01:13:57.891,1.51543,1.51559,1.00,1.20
2017.06.02 01:13:57.943,1.51543,1.51561,1.00,1.57
2017.06.02 01:13:58.351,1.51543,1.51563,1.00,1.45
2017.06.02 01:13:58.826,1.51542,1.5156,1.00,1.57
2017.06.02 01:13:58.877,1.5154,1.5156,1.12,1.95
2017.06.02 01:13:59.397,1.51539,1.5156,1.00,1.95
2017.06.02 01:14:02.752,1.51539,1.5156,1.00,3.07
2017.06.02 01:14:03.296,1.51539,1.51559,1.00,1.57
2017.06.02 01:14:04.979,1.51539,1.51559,1.00,1.57
2017.06.02 01:14:07.030,1.51539,1.51559,1.00,1.57
2017.06.02 01:14:07.537,1.5154,1.5156,1.00,2.32
2017.06.02 01:14:08.661,1.5154,1.51559,1.00,1.10
2017.06.02 01:14:08.781,1.5154,1.51554,1.00,1.00
2017.06.02 01:14:08.833,1.51536,1.51554,1.00,1.00
2017.06.02 01:14:08.885,1.51534,1.51553,1.00,1.12
2017.06.02 01:14:09.001,1.51532,1.51553,1.57,1.50
2017.06.02 01:14:09.259,1.51532,1.51552,1.00,1.07
2017.06.02 01:14:10.928,1.51533,1.51554,1.57,1.00
2017.06.02 01:14:10.979,1.51535,1.51556,1.00,1.12
2017.06.02 01:14:11.336,1.51537,1.51557,1.00,1.12
2017.06.02 01:14:11.861,1.51538,1.51557,1.00,1.00
2017.06.02 01:14:12.275,1.51542,1.51561,1.00,1.20
2017.06.02 01:14:15.515,1.51543,1.51562,1.00,1.20
2017.06.02 01:14:16.796,1.51543,1.51562,1.00,1.57
2017.06.02 01:14:17.063,1.51543,1.51562,1.00,1.10
2017.06.02 01:14:18.644,1.51543,1.51563,1.00,1.07
2017.06.02 01:14:19.740,1.51543,1.51564,1.00,2.70
2017.06.02 01:14:20.296,1.51544,1.51564,1.00,1.57
2017.06.02 01:14:21.406,1.51545,1.51564,1.00,1.20
2017.06.02 01:14:22.110,1.51546,1.51565,1.00,1.20
2017.06.02 01:14:22.213,1.51546,1.51565,1.50,1.00
2017.06.02 01:14:22.801,1.51546,1.51568,2.25,2.89
2017.06.02 01:14:25.439,1.51547,1.51568,1.00,3.07
2017.06.02 01:14:28.866,1.51546,1.51568,1.50,3.82
2017.06.02 01:14:29.174,1.51547,1.51568,1.00,1.57
2017.06.02 01:14:29.614,1.51549,1.5157,1.00,1.95
2017.06.02 01:14:32.422,1.51552,1.51572,1.00,1.45
2017.06.02 01:14:32.626,1.51554,1.51575,1.00,2.70
2017.06.02 01:14:33.382,1.51555,1.51575,1.00,2.32
2017.06.02 01:14:35.366,1.51555,1.51575,1.00,1.95
2017.06.02 01:14:35.693,1.51559,1.51577,1.00,1.57
2017.06.02 01:14:35.795,1.5156,1.51579,1.00,1.20
2017.06.02 01:14:35.899,1.5156,1.51579,1.00,1.00
2017.06.02 01:14:35.950,1.51561,1.51578,1.00,1.37
2017.06.02 01:14:36.054,1.51557,1.51578,1.37,2.51
2017.06.02 01:14:36.105,1.51557,1.51578,1.00,2.14
2017.06.02 01:14:36.208,1.51559,1.51578,1.00,2.89
2017.06.02 01:14:36.310,1.51559,1.51579,1.00,2.32
2017.06.02 01:14:36.412,1.51559,1.5158,1.50,1.10
2017.06.02 01:14:36.463,1.51561,1.5158,1.00,1.57
2017.06.02 01:14:37.016,1.51561,1.51581,1.50,1.20
2017.06.02 01:14:37.641,1.51561,1.51581,1.50,1.07
2017.06.02 01:14:38.146,1.51562,1.51581,1.00,1.10
2017.06.02 01:14:38.690,1.51562,1.51581,1.00,1.20
2017.06.02 01:14:39.847,1.51562,1.51581,1.00,1.57
2017.06.02 01:14:40.403,1.51561,1.51581,1.00,1.57
2017.06.02 01:14:42.017,1.51561,1.51582,1.00,2.32
2017.06.02 01:14:42.519,1.51561,1.51581,1.00,1.07
2017.06.02 01:14:43.020,1.51562,1.51582,1.00,1.45
2017.06.02 01:14:43.072,1.51562,1.51582,1.00,1.07
2017.06.02 01:14:43.688,1.51562,1.51584,2.25,3.07
2017.06.02 01:14:44.276,1.51563,1.51584,1.00,3.07
2017.06.02 01:14:45.462,1.51563,1.51583,1.00,1.07
2017.06.02 01:14:46.138,1.51562,1.51582,1.00,1.57
2017.06.02 01:14:46.291,1.5156,1.51581,1.50,1.20
2017.06.02 01:14:46.907,1.5156,1.51581,1.00,1.20
2017.06.02 01:14:47.280,1.51562,1.51581,1.00,1.20
2017.06.02 01:14:48.171,1.51562,1.51581,1.00,1.20
2017.06.02 01:14:50.133,1.51561,1.51581,1.00,1.20
2017.06.02 01:14:51.474,1.51562,1.51583,1.00,2.70
2017.06.02 01:14:52.019,1.51562,1.51582,1.00,1.07
2017.06.02 01:14:57.992,1.51563,1.51582,1.00,1.07
2017.06.02 01:15:00.057,1.51563,1.51582,1.00,1.07
2017.06.02 01:15:00.363,1.51558,1.51579,1.00,1.82
2017.06.02 01:15:00.466,1.51555,1.51576,1.87,1.20
2017.06.02 01:15:00.670,1.51556,1.51575,1.00,1.07
2017.06.02 01:15:01.126,1.51557,1.51578,1.50,1.95
2017.06.02 01:15:01.656,1.51557,1.51578,1.50,1.95
2017.06.02 01:15:02.206,1.51558,1.51578,1.00,1.57
2017.06.02 01:15:07.037,1.51557,1.51578,1.50,1.07
2017.06.02 01:15:07.088,1.51557,1.51578,1.00,1.45
2017.06.02 01:15:07.593,1.51556,1.51577,1.50,1.07
2017.06.02 01:15:08.526,1.51556,1.51578,1.50,1.57
2017.06.02 01:15:11.026,1.51556,1.51577,1.50,1.07
2017.06.02 01:15:12.164,1.51556,1.51578,1.50,2.32
2017.06.02 01:15:17.047,1.51554,1.51574,1.00,1.37
2017.06.02 01:15:17.385,1.51552,1.51571,1.00,1.57
2017.06.02 01:15:21.108,1.51551,1.51573,3.00,1.95
2017.06.02 01:15:21.363,1.51552,1.51573,1.50,1.45
2017.06.02 01:15:21.414,1.51554,1.51573,1.00,1.45
2017.06.02 01:15:23.269,1.51558,1.51574,1.00,1.20
2017.06.02 01:15:23.321,1.5156,1.51578,1.50,1.75
2017.06.02 01:15:23.423,1.51561,1.51581,1.00,1.82
2017.06.02 01:15:24.136,1.51562,1.51581,1.00,1.07
2017.06.02 01:15:24.665,1.51563,1.51582,1.00,1.07
2017.06.02 01:15:28.246,1.51563,1.51583,1.00,2.32
2017.06.02 01:15:29.033,1.51563,1.51583,1.00,2.32
2017.06.02 01:15:35.221,1.51563,1.51583,1.00,2.32
2017.06.02 01:15:38.086,1.51567,1.51584,1.00,1.00
2017.06.02 01:15:38.188,1.51569,1.51589,1.00,1.95
2017.06.02 01:15:38.728,1.51569,1.5159,1.00,1.95
2017.06.02 01:15:39.277,1.5157,1.5159,1.00,1.95
2017.06.02 01:15:39.764,1.51573,1.5159,1.00,1.07
2017.06.02 01:15:39.815,1.5157,1.5159,1.00,1.07
2017.06.02 01:15:40.352,1.51571,1.5159,1.00,1.10
2017.06.02 01:15:40.917,1.51571,1.5159,1.00,1.07
2017.06.02 01:15:42.496,1.51571,1.5159,1.00,1.10
2017.06.02 01:15:43.437,1.51574,1.51591,1.00,1.07
2017.06.02 01:15:43.539,1.51574,1.51591,1.00,1.10
2017.06.02 01:15:43.591,1.51576,1.51594,1.00,1.07
2017.06.02 01:15:43.642,1.51576,1.51594,1.00,1.07
2017.06.02 01:15:44.147,1.51576,1.51596,1.00,1.57
2017.06.02 01:15:48.813,1.51576,1.51596,1.00,1.10
2017.06.02 01:15:50.869,1.51577,1.51596,1.00,1.10
2017.06.02 01:15:51.314,1.51577,1.51596,1.00,1.07
2017.06.02 01:15:51.817,1.51576,1.51596,1.00,1.07
2017.06.02 01:15:53.517,1.51576,1.51596,1.50,1.07
2017.06.02 01:15:58.621,1.51577,1.51596,1.00,1.07
2017.06.02 01:15:59.504,1.5158,1.51597,1.00,1.07
2017.06.02 01:16:00.401,1.5158,1.51599,1.00,1.57
2017.06.02 01:16:04.712,1.51583,1.516,1.50,1.82
2017.06.02 01:16:04.916,1.51586,1.51603,1.00,1.57
2017.06.02 01:16:05.466,1.51586,1.51605,1.00,3.07
2017.06.02 01:16:06.008,1.51586,1.51605,1.00,3.07
2017.06.02 01:16:08.636,1.51585,1.51605,1.00,2.32
2017.06.02 01:16:08.890,1.51583,1.51603,1.00,1.57
2017.06.02 01:16:09.898,1.51582,1.51602,1.00,1.75
2017.06.02 01:16:10.000,1.51582,1.51602,1.00,1.12
2017.06.02 01:16:16.032,1.5158,1.51601,2.25,1.10
2017.06.02 01:16:16.134,1.51579,1.51601,1.12,3.82
2017.06.02 01:16:16.436,1.5158,1.51599,1.00,1.82
2017.06.02 01:16:17.204,1.51578,1.51599,1.00,1.20
2017.06.02 01:16:21.770,1.51577,1.51597,1.00,1.45
2017.06.02 01:16:28.705,1.51578,1.51597,1.00,1.47
2017.06.02 01:16:28.808,1.51576,1.51595,1.00,1.00
2017.06.02 01:16:29.324,1.51577,1.51595,1.12,1.00
2017.06.02 01:16:29.375,1.5158,1.51595,1.00,1.00
2017.06.02 01:16:32.101,1.5158,1.51596,1.00,1.00
2017.06.02 01:16:32.889,1.5158,1.51595,1.00,1.00
2017.06.02 01:16:33.499,1.5158,1.51596,1.00,1.00
2017.06.02 01:16:37.121,1.51576,1.51594,1.50,1.00
2017.06.02 01:16:37.348,1.51575,1.51594,1.12,1.00
2017.06.02 01:16:37.945,1.51575,1.51593,1.12,1.00
2017.06.02 01:16:51.711,1.51576,1.51593,1.00,1.00
2017.06.02 01:16:55.687,1.51575,1.51593,1.12,1.00
2017.06.02 01:17:05.686,1.51574,1.51593,1.12,1.00
2017.06.02 01:17:10.706,1.51575,1.51593,1.00,1.00
2017.06.02 01:17:15.491,1.51575,1.51594,1.00,1.00
2017.06.02 01:17:16.397,1.51575,1.51594,1.00,1.37
2017.06.02 01:17:18.291,1.51575,1.51594,1.00,1.00
2017.06.02 01:17:19.513,1.51575,1.51595,1.00,1.57
2017.06.02 01:17:23.701,1.51575,1.51594,1.00,1.00
2017.06.02 01:17:24.858,1.51575,1.51595,1.00,1.20
2017.06.02 01:17:25.431,1.51575,1.51594,1.00,1.00
2017.06.02 01:17:25.955,1.51575,1.51595,1.00,1.12
2017.06.02 01:17:26.808,1.5158,1.51597,1.00,1.57
2017.06.02 01:17:26.912,1.5158,1.516,1.00,1.45
2017.06.02 01:17:27.015,1.5158,1.51601,1.12,1.57
2017.06.02 01:17:27.221,1.5158,1.51598,1.37,1.00
2017.06.02 01:17:27.446,1.51578,1.51598,2.47,1.00
2017.06.02 01:17:27.973,1.51579,1.51598,1.67,1.00
2017.06.02 01:17:28.607,1.51579,1.51598,1.35,1.00
2017.06.02 01:17:31.004,1.5158,1.516,1.50,1.00
2017.06.02 01:17:31.535,1.5158,1.51601,2.10,1.20
2017.06.02 01:17:39.058,1.51581,1.51603,1.12,1.45
2017.06.02 01:17:41.024,1.51583,1.51603,1.00,1.47
2017.06.02 01:17:45.951,1.51582,1.51603,1.00,1.95
2017.06.02 01:17:55.793,1.51583,1.51603,1.00,1.95
2017.06.02 01:17:56.098,1.51581,1.51603,1.30,2.70
2017.06.02 01:17:56.149,1.51579,1.51599,1.00,1.00
2017.06.02 01:17:56.454,1.51578,1.51599,1.12,2.32
2017.06.02 01:17:56.759,1.51578,1.516,1.12,1.57
2017.06.02 01:17:57.193,1.51581,1.51601,1.00,1.82
2017.06.02 01:17:57.398,1.51581,1.51602,1.12,1.20
2017.06.02 01:18:06.865,1.51582,1.51604,1.00,4.57
2017.06.02 01:18:07.869,1.51583,1.51605,1.00,3.82
2017.06.02 01:18:08.410,1.51583,1.51604,1.12,1.07
2017.06.02 01:18:09.707,1.51583,1.51604,1.12,1.57
2017.06.02 01:18:09.928,1.51585,1.51604,1.00,1.57
2017.06.02 01:18:10.479,1.51585,1.51605,1.00,2.70
2017.06.02 01:18:11.025,1.51584,1.51605,1.50,1.20
2017.06.02 01:18:15.228,1.51588,1.51606,1.00,1.20
2017.06.02 01:18:15.654,1.51588,1.51606,1.00,1.00
2017.06.02 01:18:16.170,1.51589,1.51606,1.00,1.10
2017.06.02 01:18:20.274,1.51589,1.51609,1.00,1.95
2017.06.02 01:18:20.376,1.51591,1.51609,1.00,1.57
2017.06.02 01:18:20.580,1.51591,1.5161,1.00,1.07
2017.06.02 01:18:20.784,1.51591,1.51612,1.75,2.14
2017.06.02 01:18:21.515,1.51591,1.51612,1.75,1.39
2017.06.02 01:18:24.137,1.51594,1.51613,1.00,1.76
2017.06.02 01:18:24.290,1.51594,1.51613,1.00,1.39
2017.06.02 01:18:25.096,1.51592,1.51614,2.10,1.64
2017.06.02 01:18:25.630,1.51592,1.51613,3.60,1.32
2017.06.02 01:18:26.152,1.51592,1.51613,1.50,1.01
2017.06.02 01:18:26.654,1.51592,1.51611,1.00,1.01
2017.06.02 01:18:29.031,1.51592,1.51611,1.00,1.01
2017.06.02 01:18:31.425,1.51591,1.51611,1.00,1.01
2017.06.02 01:18:33.108,1.51591,1.51611,1.00,1.76
2017.06.02 01:18:37.748,1.51592,1.51612,1.00,2.51
2017.06.02 01:18:38.421,1.51593,1.51613,1.00,1.01
2017.06.02 01:18:39.179,1.51594,1.51613,1.00,1.01
2017.06.02 01:18:39.746,1.51594,1.51613,1.00,1.32
2017.06.02 01:18:40.883,1.51593,1.51613,1.00,1.39
2017.06.02 01:18:42.323,1.51596,1.51614,1.00,1.64
2017.06.02 01:18:42.426,1.51596,1.51615,1.00,1.01
2017.06.02 01:18:42.630,1.51596,1.51617,1.12,3.64
2017.06.02 01:18:43.090,1.51596,1.51615,1.12,1.32
2017.06.02 01:18:44.328,1.51597,1.51615,1.00,1.76
2017.06.02 01:18:44.639,1.51596,1.51614,1.00,1.01
2017.06.02 01:18:45.282,1.51597,1.51614,1.00,1.01
2017.06.02 01:18:45.806,1.51596,1.51614,1.00,1.01
2017.06.02 01:18:46.440,1.51595,1.51614,1.00,1.01
2017.06.02 01:18:58.476,1.51596,1.51614,1.00,1.01
2017.06.02 01:18:58.739,1.51596,1.51616,1.00,2.07
2017.06.02 01:18:59.571,1.51596,1.51615,1.00,1.01
2017.06.02 01:19:00.329,1.51596,1.51615,1.00,1.01
2017.06.02 01:19:00.482,1.51596,1.51615,1.00,1.39
2017.06.02 01:19:00.613,1.51593,1.51615,3.00,2.14
2017.06.02 01:19:00.767,1.5159,1.5161,1.00,1.56
2017.06.02 01:19:01.528,1.51591,1.5161,1.00,1.66
2017.06.02 01:19:04.336,1.51591,1.5161,1.00,1.39
2017.06.02 01:19:04.591,1.51592,1.51613,1.00,2.51
2017.06.02 01:19:05.105,1.51592,1.51613,1.50,1.76
2017.06.02 01:19:06.035,1.51592,1.51614,1.50,1.07
2017.06.02 01:19:06.582,1.51593,1.51614,1.00,1.95
2017.06.02 01:19:08.634,1.51597,1.51614,1.00,1.20
2017.06.02 01:19:08.788,1.51597,1.51616,1.00,1.57
2017.06.02 01:19:08.951,1.516,1.51619,1.00,1.12
2017.06.02 01:19:09.295,1.51602,1.5162,1.00,1.10
2017.06.02 01:19:10.105,1.51602,1.5162,1.00,1.07
2017.06.02 01:19:10.395,1.51597,1.51619,3.00,1.10
2017.06.02 01:19:10.497,1.51599,1.51617,1.00,1.00
2017.06.02 01:19:10.548,1.51597,1.51616,1.12,1.12
2017.06.02 01:19:11.074,1.51597,1.51615,1.00,1.00
2017.06.02 01:19:11.278,1.516,1.51616,1.00,1.12
2017.06.02 01:19:11.381,1.516,1.51618,1.00,1.10
2017.06.02 01:19:11.585,1.51603,1.5162,1.00,1.00
2017.06.02 01:19:11.788,1.51601,1.51619,1.00,1.10
2017.06.02 01:19:12.318,1.51601,1.51618,1.00,1.00
2017.06.02 01:19:12.930,1.51601,1.51619,1.00,1.20
2017.06.02 01:19:12.981,1.51601,1.51617,1.00,1.00
2017.06.02 01:19:13.619,1.51601,1.51618,1.00,1.12
2017.06.02 01:19:13.942,1.51594,1.51614,2.25,1.45
2017.06.02 01:19:13.994,1.51594,1.51612,1.37,1.37
2017.06.02 01:19:14.046,1.51594,1.51612,1.00,1.47
2017.06.02 01:19:14.633,1.51593,1.51612,1.12,1.10
2017.06.02 01:19:15.410,1.51593,1.51613,1.37,1.31
2017.06.02 01:19:16.000,1.51593,1.51612,1.75,1.00
2017.06.02 01:19:18.579,1.51593,1.51613,1.50,1.45
2017.06.02 01:19:19.091,1.51592,1.51611,2.25,1.10
2017.06.02 01:19:19.644,1.51591,1.5161,3.00,1.12
2017.06.02 01:19:19.985,1.51588,1.51605,1.87,1.37
2017.06.02 01:19:20.088,1.51586,1.51604,1.00,1.37
2017.06.02 01:19:20.618,1.51583,1.51603,2.25,1.10
2017.06.02 01:19:22.214,1.51582,1.51603,3.00,1.20
2017.06.02 01:19:22.604,1.51583,1.51603,1.00,1.47
2017.06.02 01:19:23.143,1.51582,1.51603,3.00,1.47
2017.06.02 01:19:24.068,1.51582,1.51603,3.00,1.20
2017.06.02 01:19:24.651,1.51583,1.51603,1.00,1.20
2017.06.02 01:19:25.183,1.51585,1.51604,1.00,1.12
2017.06.02 01:19:25.692,1.51585,1.51606,1.12,1.50
2017.06.02 01:19:27.895,1.51586,1.51606,1.00,1.10
2017.06.02 01:19:28.104,1.51586,1.51607,1.00,1.95
2017.06.02 01:19:30.138,1.51586,1.51605,1.00,1.39
2017.06.02 01:19:30.190,1.51584,1.51605,1.00,2.51
2017.06.02 01:19:30.698,1.51584,1.51605,1.37,2.14
2017.06.02 01:19:31.241,1.51585,1.51605,1.50,1.76
2017.06.02 01:19:33.493,1.51586,1.51607,1.00,1.76
2017.06.02 01:19:33.714,1.51587,1.51607,1.00,1.20
2017.06.02 01:19:34.048,1.51589,1.51608,1.00,1.20
2017.06.02 01:19:34.353,1.51587,1.51607,1.50,1.76
2017.06.02 01:19:36.854,1.51587,1.51608,1.50,1.76
2017.06.02 01:19:43.987,1.51586,1.51607,1.75,1.01
2017.06.02 01:19:46.458,1.51586,1.51607,1.75,1.01
2017.06.02 01:19:57.984,1.51588,1.51608,1.12,1.45
2017.06.02 01:19:58.290,1.51589,1.51609,1.50,1.45
2017.06.02 01:19:58.714,1.51586,1.51606,1.75,1.01
2017.06.02 01:19:58.816,1.51586,1.51606,1.12,1.76
2017.06.02 01:20:00.275,1.51585,1.51606,1.50,1.76
2017.06.02 01:20:03.613,1.51585,1.51604,1.50,1.01
2017.06.02 01:20:04.177,1.51583,1.51604,3.75,1.01
2017.06.02 01:20:04.712,1.51585,1.51605,1.50,1.45
2017.06.02 01:20:08.198,1.51584,1.51605,3.00,1.20
2017.06.02 01:20:10.795,1.51584,1.51605,3.00,1.20
2017.06.02 01:20:11.195,1.5159,1.51608,1.00,1.76
2017.06.02 01:20:11.297,1.5159,1.5161,1.37,1.47
2017.06.02 01:20:11.400,1.5159,1.51611,2.25,1.45
2017.06.02 01:20:11.706,1.51587,1.51605,1.75,1.45
2017.06.02 01:20:11.808,1.51584,1.51605,1.75,1.95
2017.06.02 01:20:11.860,1.51584,1.51604,1.12,1.57
2017.06.02 01:20:12.364,1.51582,1.51603,2.62,1.47
2017.06.02 01:20:12.905,1.51582,1.51603,1.87,1.10
2017.06.02 01:20:13.411,1.51581,1.51603,2.25,1.07
2017.06.02 01:20:15.878,1.51581,1.51598,1.37,1.00
2017.06.02 01:20:15.980,1.51578,1.51598,1.50,1.10
2017.06.02 01:20:16.134,1.51577,1.51597,1.12,1.20
2017.06.02 01:20:16.649,1.51575,1.51596,3.75,1.20
2017.06.02 01:20:17.175,1.51576,1.51596,1.50,1.20
2017.06.02 01:20:20.166,1.51576,1.51594,1.50,1.20
2017.06.02 01:20:20.268,1.51573,1.51594,2.25,1.20
2017.06.02 01:20:20.421,1.51573,1.51594,1.50,1.20
2017.06.02 01:20:21.610,1.51572,1.51592,2.25,1.07
2017.06.02 01:20:25.700,1.51572,1.51593,2.25,1.10
2017.06.02 01:20:27.412,1.51573,1.51594,2.25,1.00
2017.06.02 01:20:30.348,1.51574,1.51595,1.12,1.95
2017.06.02 01:20:30.956,1.51573,1.51594,2.25,1.00
2017.06.02 01:20:33.442,1.51573,1.51593,2.25,1.00
2017.06.02 01:20:40.147,1.51573,1.51592,1.50,1.00
2017.06.02 01:20:41.208,1.51571,1.51592,1.75,1.10
2017.06.02 01:20:42.113,1.51572,1.5159,1.50,1.00
2017.06.02 01:20:42.625,1.51573,1.51591,1.20,1.00
2017.06.02 01:20:43.136,1.51573,1.51591,1.20,1.00
2017.06.02 01:20:44.126,1.51573,1.51591,1.20,1.00
2017.06.02 01:20:45.006,1.51573,1.51592,1.20,1.00
2017.06.02 01:20:46.228,1.51573,1.51592,1.95,1.00
2017.06.02 01:20:47.228,1.51573,1.51592,1.20,1.00
2017.06.02 01:20:48.293,1.51573,1.51592,1.20,1.00
2017.06.02 01:20:51.832,1.51573,1.51591,1.20,1.00
2017.06.02 01:20:52.165,1.51571,1.51592,1.10,1.50
2017.06.02 01:20:52.726,1.51571,1.5159,1.57,1.00
2017.06.02 01:20:57.038,1.5157,1.5159,3.07,1.00
2017.06.02 01:20:57.655,1.51572,1.51591,1.20,1.00
2017.06.02 01:20:58.314,1.51572,1.51592,1.20,1.50
2017.06.02 01:20:59.215,1.51574,1.51592,1.00,1.00
2017.06.02 01:20:59.719,1.51574,1.51592,1.57,1.00
2017.06.02 01:21:02.238,1.51574,1.51592,1.10,1.00
2017.06.02 01:21:02.655,1.51574,1.51594,1.10,1.00
2017.06.02 01:21:03.164,1.51573,1.51594,1.42,1.50
2017.06.02 01:21:03.714,1.51573,1.51594,1.42,1.50
2017.06.02 01:21:07.639,1.51575,1.51594,1.00,1.00
2017.06.02 01:21:08.161,1.51575,1.51595,1.00,1.50
2017.06.02 01:21:08.713,1.51576,1.51596,1.00,1.50
2017.06.02 01:21:09.241,1.51577,1.51596,1.00,1.00
2017.06.02 01:21:09.902,1.51578,1.51596,1.00,1.00
2017.06.02 01:21:15.581,1.51578,1.51597,1.00,1.12
2017.06.02 01:21:22.971,1.51578,1.51596,1.00,1.00
2017.06.02 01:21:23.536,1.51578,1.51597,1.00,1.12
2017.06.02 01:21:26.029,1.51577,1.51597,1.42,1.12
2017.06.02 01:21:26.979,1.51578,1.51597,1.00,1.12
2017.06.02 01:21:34.307,1.51578,1.51596,1.00,1.00
2017.06.02 01:21:37.172,1.51578,1.51597,1.00,1.12
2017.06.02 01:21:37.376,1.5158,1.51599,1.00,1.50
2017.06.02 01:21:37.428,1.5158,1.51599,1.00,1.12
2017.06.02 01:21:37.941,1.5158,1.516,1.50,1.00
2017.06.02 01:21:44.194,1.51581,1.516,1.12,1.20
2017.06.02 01:21:44.729,1.51582,1.51601,1.00,1.10
2017.06.02 01:21:47.613,1.51582,1.516,1.00,1.00
2017.06.02 01:21:55.416,1.51582,1.51602,1.00,1.20
2017.06.02 01:21:55.718,1.51582,1.51602,1.75,1.07
2017.06.02 01:22:08.117,1.51582,1.51602,1.75,1.39
2017.06.02 01:22:08.758,1.51581,1.51601,1.75,1.10
2017.06.02 01:22:11.532,1.51581,1.516,1.75,1.00
2017.06.02 01:22:12.085,1.51581,1.51601,1.75,1.10
2017.06.02 01:22:18.091,1.51583,1.51602,1.75,1.31
2017.06.02 01:22:18.839,1.51583,1.51601,1.75,1.00
2017.06.02 01:22:19.568,1.51583,1.51602,1.75,1.39
2017.06.02 01:22:30.338,1.51583,1.51601,1.75,1.00
2017.06.02 01:22:30.900,1.51583,1.51602,1.75,1.10
2017.06.02 01:22:34.387,1.51583,1.51601,1.75,1.00
2017.06.02 01:22:38.615,1.51583,1.51602,1.75,1.10
2017.06.02 01:22:41.046,1.51583,1.51602,1.75,1.10
2017.06.02 01:22:42.505,1.51584,1.51603,1.75,1.00
2017.06.02 01:22:44.559,1.51582,1.51602,2.25,1.10
2017.06.02 01:22:44.661,1.51582,1.51602,2.10,1.12
2017.06.02 01:22:47.380,1.51585,1.51602,1.00,1.00
2017.06.02 01:22:47.889,1.51589,1.51606,1.00,1.50
2017.06.02 01:22:48.094,1.51589,1.51609,1.72,1.12
2017.06.02 01:22:48.599,1.51589,1.5161,2.17,1.00
2017.06.02 01:22:48.702,1.5159,1.51612,2.70,1.12
2017.06.02 01:22:49.007,1.5159,1.5161,2.25,1.00
2017.06.02 01:22:57.381,1.51591,1.51611,1.50,1.10
2017.06.02 01:22:58.343,1.51591,1.51611,1.12,1.20
2017.06.02 01:22:59.693,1.51592,1.51611,1.00,1.20
2017.06.02 01:22:59.999,1.51594,1.51611,1.00,1.00
2017.06.02 01:23:00.533,1.51591,1.5161,2.25,1.00
2017.06.02 01:23:00.839,1.51586,1.51605,1.75,1.07
2017.06.02 01:23:01.044,1.51584,1.51604,2.25,1.00
2017.06.02 01:23:01.614,1.51583,1.51603,1.12,1.00
2017.06.02 01:23:08.237,1.51583,1.51603,1.37,1.00
2017.06.02 01:23:14.079,1.51583,1.51602,2.25,1.00
2017.06.02 01:23:14.448,1.51585,1.51604,1.12,1.00
2017.06.02 01:23:14.551,1.51585,1.51604,1.37,1.00
2017.06.02 01:23:18.456,1.51586,1.51607,1.50,1.57
2017.06.02 01:23:18.558,1.51587,1.51607,1.37,1.00
2017.06.02 01:23:18.874,1.51587,1.51608,3.67,1.00
2017.06.02 01:23:19.413,1.51588,1.51607,1.75,1.00
2017.06.02 01:23:19.668,1.51583,1.51603,1.82,1.00
2017.06.02 01:23:19.872,1.51582,1.51603,3.82,1.00
2017.06.02 01:23:24.208,1.5158,1.51601,3.45,1.00
2017.06.02 01:23:24.743,1.5158,1.51601,1.57,1.00
2017.06.02 01:23:25.927,1.5158,1.51602,2.32,1.12
2017.06.02 01:23:27.634,1.51582,1.51602,1.00,1.12
2017.06.02 01:23:29.040,1.5158,1.51602,2.32,1.12
2017.06.02 01:23:31.368,1.5158,1.51601,2.25,1.00
2017.06.02 01:23:31.880,1.5158,1.516,1.87,1.00
2017.06.02 01:23:33.315,1.5158,1.51599,1.37,1.00
2017.06.02 01:23:35.434,1.5158,1.516,1.37,1.00
2017.06.02 01:23:36.961,1.5158,1.51598,1.37,1.00
2017.06.02 01:23:37.351,1.51577,1.51595,1.75,1.00
2017.06.02 01:23:37.700,1.51579,1.51597,1.00,1.10
2017.06.02 01:23:37.802,1.51577,1.51597,1.75,1.00
2017.06.02 01:23:39.131,1.51578,1.51599,1.75,1.10
2017.06.02 01:23:39.326,1.51578,1.51597,1.87,1.10
2017.06.02 01:23:39.849,1.5158,1.51597,1.00,1.00
2017.06.02 01:23:41.060,1.5158,1.51598,1.00,1.10
2017.06.02 01:23:41.498,1.51578,1.51597,1.50,1.00
2017.06.02 01:23:41.650,1.51576,1.51596,1.50,1.37
2017.06.02 01:23:41.955,1.51572,1.51591,1.87,1.00
2017.06.02 01:23:42.476,1.51572,1.51591,1.00,1.00
2017.06.02 01:23:43.681,1.51573,1.51592,1.00,1.12
2017.06.02 01:23:43.987,1.51577,1.51594,1.00,1.12
2017.06.02 01:23:44.344,1.51578,1.51596,1.00,1.00
2017.06.02 01:23:44.495,1.51575,1.51596,2.55,1.00
2017.06.02 01:23:45.522,1.51577,1.51596,1.00,1.00
2017.06.02 01:23:46.036,1.51577,1.51596,1.50,1.00
2017.06.02 01:23:46.737,1.51577,1.51596,1.00,1.00
2017.06.02 01:23:47.680,1.51577,1.51597,1.00,1.12
2017.06.02 01:23:49.763,1.51577,1.51597,1.00,1.20
2017.06.02 01:23:50.467,1.51577,1.51597,1.00,1.20
2017.06.02 01:23:52.575,1.51577,1.51596,1.00,1.00
2017.06.02 01:23:53.126,1.51576,1.51595,1.00,1.00
2017.06.02 01:23:56.524,1.51576,1.51595,1.00,1.47
2017.06.02 01:23:57.765,1.51574,1.51591,1.00,1.12
2017.06.02 01:23:58.072,1.51571,1.51588,1.00,1.12
2017.06.02 01:23:58.761,1.5157,1.51588,1.00,1.12
2017.06.02 01:24:06.080,1.51568,1.51588,3.00,1.75
2017.06.02 01:24:06.182,1.51565,1.51582,1.10,1.00
2017.06.02 01:24:06.488,1.51564,1.51581,1.00,1.75
2017.06.02 01:24:06.845,1.51564,1.51583,1.50,1.00
2017.06.02 01:24:15.877,1.51565,1.51583,1.00,1.00
2017.06.02 01:24:15.930,1.51568,1.51583,1.00,1.00
2017.06.02 01:24:16.186,1.51569,1.51588,1.00,1.50
2017.06.02 01:24:17.070,1.5157,1.51589,1.00,1.75
2017.06.02 01:24:23.168,1.51569,1.51585,1.00,1.00
2017.06.02 01:24:23.220,1.51567,1.51583,1.87,1.00
2017.06.02 01:24:23.476,1.51561,1.51582,1.00,1.82
2017.06.02 01:24:23.781,1.51561,1.51581,1.00,1.82
2017.06.02 01:24:24.349,1.5156,1.51581,1.50,1.82
2017.06.02 01:24:26.573,1.51559,1.51581,1.00,1.82
2017.06.02 01:24:27.740,1.5156,1.51581,1.00,1.82
2017.06.02 01:24:31.747,1.51561,1.51582,1.00,3.07
2017.06.02 01:24:31.849,1.51561,1.51583,1.50,1.57
2017.06.02 01:24:32.110,1.51565,1.51585,1.00,1.50
2017.06.02 01:24:32.161,1.51565,1.51585,1.00,1.00
2017.06.02 01:24:37.077,1.51566,1.51585,1.00,1.00
2017.06.02 01:24:39.343,1.51565,1.51585,1.50,1.00
2017.06.02 01:24:43.417,1.51566,1.51585,1.00,1.10
2017.06.02 01:24:43.620,1.51566,1.51585,1.00,1.57
2017.06.02 01:24:46.785,1.51565,1.51586,1.00,2.32
2017.06.02 01:24:51.210,1.51564,1.51585,1.50,1.39
2017.06.02 01:24:53.804,1.51565,1.51585,1.00,2.89
2017.06.02 01:24:54.306,1.51564,1.51585,1.00,2.14
2017.06.02 01:24:54.839,1.51563,1.51585,1.00,2.89
2017.06.02 01:24:58.083,1.51564,1.51585,1.00,2.32
2017.06.02 01:24:58.287,1.51565,1.51586,1.50,2.32
2017.06.02 01:25:01.854,1.51564,1.51586,1.00,2.32
2017.06.02 01:25:05.985,1.51563,1.51586,1.87,3.07
2017.06.02 01:25:10.332,1.51567,1.51586,1.00,2.32
2017.06.02 01:25:14.828,1.51566,1.51585,1.00,1.57
2017.06.02 01:25:16.217,1.51566,1.51585,1.00,1.57
2017.06.02 01:25:16.750,1.51565,1.51583,1.00,1.07
2017.06.02 01:25:19.158,1.51562,1.51582,1.00,1.20
2017.06.02 01:25:19.210,1.51565,1.51583,1.00,1.75
2017.06.02 01:25:19.312,1.51565,1.51583,1.00,1.10
2017.06.02 01:25:19.719,1.51564,1.51584,1.00,2.70
2017.06.02 01:25:19.770,1.51561,1.51581,1.50,1.10
2017.06.02 01:25:19.873,1.51563,1.51584,1.50,3.45
2017.06.02 01:25:20.239,1.51569,1.51588,1.00,3.07
2017.06.02 01:25:20.291,1.51568,1.51588,1.00,3.07
2017.06.02 01:25:20.753,1.5157,1.51588,1.00,1.82
2017.06.02 01:25:23.243,1.51569,1.51589,1.00,3.07
2017.06.02 01:25:23.781,1.51568,1.51587,1.00,1.82
2017.06.02 01:25:27.616,1.51567,1.51586,1.00,1.75
2017.06.02 01:25:35.869,1.51566,1.51586,1.00,1.75
2017.06.02 01:25:46.911,1.51568,1.51587,1.00,1.95
2017.06.02 01:25:47.064,1.51568,1.51589,1.50,1.95
2017.06.02 01:25:47.668,1.51568,1.51588,1.50,1.20
2017.06.02 01:25:48.177,1.51568,1.51588,1.00,1.20
2017.06.02 01:25:50.040,1.51568,1.51588,1.50,1.82
2017.06.02 01:25:50.091,1.51569,1.51588,1.00,1.57
2017.06.02 01:25:50.604,1.5157,1.51589,1.00,2.14
2017.06.02 01:25:52.058,1.51569,1.5159,1.00,2.32
2017.06.02 01:25:52.720,1.5157,1.5159,1.00,2.32
2017.06.02 01:26:01.725,1.51569,1.5159,1.50,1.82
2017.06.02 01:26:05.740,1.51569,1.51588,1.50,1.00
2017.06.02 01:26:16.428,1.51568,1.51588,1.50,1.12
2017.06.02 01:26:25.790,1.51568,1.51588,1.00,1.37
2017.06.02 01:26:34.114,1.51567,1.51588,1.00,1.57
2017.06.02 01:26:37.020,1.51568,1.51588,1.00,1.57
2017.06.02 01:26:39.103,1.51567,1.51588,1.50,1.50
2017.06.02 01:26:39.917,1.51568,1.51588,1.00,1.50
2017.06.02 01:26:40.442,1.51567,1.51587,1.00,1.12
2017.06.02 01:26:41.869,1.51568,1.51587,1.00,1.12
2017.06.02 01:26:43.008,1.51569,1.51587,1.00,1.20
2017.06.02 01:26:54.590,1.5157,1.51588,1.00,1.50
2017.06.02 01:26:54.742,1.5157,1.51589,1.00,1.20
2017.06.02 01:26:55.381,1.5157,1.51589,1.50,1.00
2017.06.02 01:26:57.183,1.51571,1.51589,1.20,1.00
2017.06.02 01:26:57.793,1.51571,1.5159,1.20,1.00
2017.06.02 01:26:58.450,1.51571,1.5159,1.20,1.00
2017.06.02 01:26:59.006,1.51571,1.5159,1.20,1.00
2017.06.02 01:27:00.719,1.51571,1.51593,1.20,1.50
2017.06.02 01:27:01.458,1.51571,1.51591,1.57,1.00
2017.06.02 01:27:04.026,1.51571,1.51592,1.57,1.12
2017.06.02 01:27:04.732,1.51571,1.51591,1.20,1.00
2017.06.02 01:27:05.831,1.51572,1.51592,1.00,1.12
2017.06.02 01:27:08.948,1.51575,1.51593,1.00,1.50
2017.06.02 01:27:09.090,1.51576,1.51595,1.00,2.32
2017.06.02 01:27:09.245,1.51582,1.51599,1.00,1.75
2017.06.02 01:27:09.348,1.51579,1.51599,1.57,1.75
2017.06.02 01:27:09.451,1.51578,1.51599,2.25,1.00
2017.06.02 01:27:09.502,1.51578,1.51599,1.50,1.37
2017.06.02 01:27:09.919,1.51579,1.51599,1.00,1.75
2017.06.02 01:27:10.021,1.51576,1.51598,2.14,1.75
2017.06.02 01:27:10.175,1.51576,1.51597,1.10,1.75
2017.06.02 01:27:10.325,1.51574,1.51592,1.00,1.00
2017.06.02 01:27:10.873,1.51573,1.51592,1.10,1.00
2017.06.02 01:27:15.137,1.51569,1.51591,3.45,1.50
2017.06.02 01:27:15.240,1.51569,1.5159,1.57,1.00
2017.06.02 01:27:15.444,1.51569,1.51588,1.00,1.10
2017.06.02 01:27:15.760,1.51566,1.51588,1.10,1.85
2017.06.02 01:27:20.127,1.51566,1.51588,1.07,1.75
2017.06.02 01:27:20.644,1.51565,1.51588,2.32,2.25
2017.06.02 01:27:20.950,1.51573,1.5159,1.00,1.75
2017.06.02 01:27:21.052,1.51573,1.51593,1.07,1.75
2017.06.02 01:27:21.154,1.51576,1.51595,1.00,2.06
2017.06.02 01:27:21.256,1.51576,1.51595,1.00,2.06
2017.06.02 01:27:21.358,1.51576,1.51595,1.00,2.06
2017.06.02 01:27:21.878,1.51575,1.51595,1.00,1.31
2017.06.02 01:27:24.996,1.51575,1.51596,1.10,1.50
2017.06.02 01:27:28.236,1.51576,1.51596,1.00,2.06
2017.06.02 01:27:30.123,1.51574,1.51596,1.20,2.14
2017.06.02 01:27:30.174,1.51574,1.51595,1.20,1.69
2017.06.02 01:27:30.696,1.51573,1.51593,1.00,1.47
2017.06.02 01:27:31.223,1.51571,1.51592,1.07,2.06
2017.06.02 01:27:31.377,1.5157,1.51591,1.57,2.06
2017.06.02 01:27:36.521,1.5157,1.51589,1.00,1.75
2017.06.02 01:27:36.759,1.51568,1.51587,1.00,1.62
2017.06.02 01:27:37.867,1.51565,1.51586,1.57,1.12
2017.06.02 01:27:37.969,1.51564,1.51586,2.32,1.85
2017.06.02 01:27:38.275,1.51563,1.51582,1.00,1.25
2017.06.02 01:27:38.671,1.51566,1.51584,1.00,1.75
2017.06.02 01:27:38.877,1.51568,1.51587,1.00,2.14
2017.06.02 01:27:39.677,1.51569,1.51589,1.00,1.75
2017.06.02 01:27:40.638,1.51567,1.51587,1.00,1.62
2017.06.02 01:27:42.100,1.51566,1.51587,1.00,2.14
2017.06.02 01:27:44.603,1.51564,1.51585,1.50,1.00
2017.06.02 01:27:44.654,1.51564,1.51584,1.37,1.76
2017.06.02 01:27:45.167,1.51564,1.51583,1.00,1.01
2017.06.02 01:27:45.693,1.51564,1.51583,1.00,1.32
2017.06.02 01:27:50.789,1.51565,1.51583,1.00,1.32
2017.06.02 01:27:53.240,1.51566,1.51585,1.00,2.14
2017.06.02 01:27:53.856,1.51565,1.51583,1.00,1.01
2017.06.02 01:27:55.199,1.51565,1.51583,1.00,1.01
2017.06.02 01:27:57.131,1.51565,1.51583,1.00,1.01
2017.06.02 01:27:57.999,1.51565,1.51583,1.00,1.01
2017.06.02 01:27:59.456,1.51565,1.51583,1.00,1.01
2017.06.02 01:28:00.180,1.51564,1.51583,1.00,1.01
2017.06.02 01:28:00.687,1.51564,1.51583,1.00,1.01
2017.06.02 01:28:00.999,1.51567,1.51586,1.50,2.81
2017.06.02 01:28:01.054,1.5157,1.51588,1.00,1.01
2017.06.02 01:28:01.156,1.51571,1.51589,1.00,1.39
2017.06.02 01:28:01.655,1.51571,1.51589,1.00,1.39
2017.06.02 01:28:01.706,1.51571,1.51589,1.00,1.39
2017.06.02 01:28:01.996,1.51569,1.51589,1.50,1.39
2017.06.02 01:28:05.458,1.51569,1.5159,2.25,1.01
2017.06.02 01:28:06.451,1.51569,1.5159,1.50,1.01
2017.06.02 01:28:08.432,1.51569,1.51589,2.25,1.01
2017.06.02 01:28:08.934,1.51569,1.51589,1.50,1.32
2017.06.02 01:28:09.524,1.51569,1.51589,1.50,1.01
2017.06.02 01:28:10.590,1.51569,1.51589,2.25,1.32
2017.06.02 01:28:12.061,1.51571,1.51589,1.00,1.32
2017.06.02 01:28:14.621,1.5157,1.51589,1.00,1.01
2017.06.02 01:28:16.445,1.5157,1.51589,1.00,1.01
2017.06.02 01:28:16.846,1.5157,1.5159,1.00,1.70
2017.06.02 01:28:16.898,1.51571,1.51589,1.00,1.01
2017.06.02 01:28:17.415,1.5157,1.51589,1.00,1.01
2017.06.02 01:28:19.597,1.5157,1.5159,1.00,1.70
2017.06.02 01:28:20.217,1.5157,1.51589,1.00,1.01
2017.06.02 01:28:22.461,1.5157,1.51589,1.00,1.01
2017.06.02 01:28:24.181,1.51571,1.51591,1.00,1.01
2017.06.02 01:28:25.395,1.51571,1.51591,1.00,1.76
2017.06.02 01:28:27.081,1.5157,1.51591,1.00,1.76
2017.06.02 01:28:27.740,1.5157,1.51591,1.00,1.64
2017.06.02 01:28:29.506,1.5157,1.51591,1.00,2.51
2017.06.02 01:28:30.551,1.51574,1.51591,1.50,1.57
2017.06.02 01:28:30.653,1.51574,1.51593,1.50,1.07
2017.06.02 01:28:31.159,1.51574,1.51594,1.50,1.64
2017.06.02 01:28:35.367,1.51574,1.51594,1.50,1.64
2017.06.02 01:28:35.887,1.51574,1.51594,1.00,1.64
2017.06.02 01:28:37.202,1.51574,1.51594,1.00,1.64
2017.06.02 01:28:37.339,1.51574,1.51594,1.00,1.56
2017.06.02 01:28:37.491,1.51572,1.51594,1.10,2.14
2017.06.02 01:28:37.644,1.5157,1.51592,1.10,2.14
2017.06.02 01:28:42.130,1.51571,1.51593,1.00,2.14
2017.06.02 01:28:42.333,1.51574,1.51593,1.00,2.14
2017.06.02 01:28:42.537,1.51574,1.51594,1.00,1.01
2017.06.02 01:28:43.252,1.51576,1.51593,1.00,1.25
2017.06.02 01:28:43.508,1.51576,1.51596,1.00,1.32
2017.06.02 01:28:44.029,1.51576,1.51596,1.00,1.01
2017.06.02 01:28:45.162,1.51576,1.51596,1.00,1.32
2017.06.02 01:28:45.821,1.51575,1.51596,1.00,1.01
2017.06.02 01:28:45.873,1.51573,1.51595,2.25,1.64
2017.06.02 01:28:45.924,1.51575,1.51596,1.00,2.14
2017.06.02 01:28:46.412,1.51579,1.51596,1.00,1.01
2017.06.02 01:28:46.463,1.51579,1.51597,1.00,1.64
2017.06.02 01:28:46.515,1.51581,1.516,1.00,2.14
2017.06.02 01:28:46.668,1.51581,1.51601,1.00,1.64
2017.06.02 01:28:47.176,1.51582,1.516,1.00,1.39
2017.06.02 01:28:47.499,1.5158,1.51599,1.00,1.10
2017.06.02 01:28:48.076,1.51578,1.51598,1.00,1.00
2017.06.02 01:28:48.180,1.51578,1.51596,1.00,1.00
2017.06.02 01:28:48.333,1.51574,1.51596,1.87,1.07
2017.06.02 01:28:48.843,1.51574,1.51595,1.00,1.00
2017.06.02 01:28:48.995,1.51576,1.51595,1.00,1.00
2017.06.02 01:28:49.335,1.51574,1.51593,1.12,1.00
2017.06.02 01:28:52.023,1.51572,1.51589,1.37,1.00
2017.06.02 01:28:52.076,1.51571,1.51588,1.57,1.00
2017.06.02 01:28:52.127,1.51568,1.51584,1.87,1.00
2017.06.02 01:28:52.179,1.51568,1.51583,1.12,1.31
2017.06.02 01:28:52.230,1.51562,1.51581,4.50,1.00
2017.06.02 01:28:52.282,1.51562,1.51581,2.25,1.56
2017.06.02 01:28:52.844,1.51561,1.51581,1.00,1.56
2017.06.02 01:28:53.386,1.5156,1.51579,2.62,1.00
2017.06.02 01:28:53.792,1.5156,1.51579,2.70,1.00
2017.06.02 01:28:53.844,1.5156,1.51579,2.70,1.00
2017.06.02 01:28:55.157,1.51559,1.51582,1.50,2.89
2017.06.02 01:28:58.560,1.51561,1.51583,1.00,2.14
2017.06.02 01:29:00.032,1.51565,1.51585,1.00,2.44
2017.06.02 01:29:00.134,1.51564,1.51585,1.00,1.76
2017.06.02 01:29:00.185,1.51562,1.51585,1.95,2.14
2017.06.02 01:29:00.473,1.51562,1.51585,2.70,2.89
2017.06.02 01:29:01.007,1.51562,1.51585,2.70,2.14
2017.06.02 01:29:03.000,1.51563,1.51585,1.00,2.14
2017.06.02 01:29:03.720,1.51563,1.51585,1.10,2.14
2017.06.02 01:29:04.275,1.51562,1.51585,3.45,2.14
2017.06.02 01:29:04.810,1.51562,1.51585,3.45,2.14
2017.06.02 01:29:06.137,1.51563,1.51584,1.00,1.56
2017.06.02 01:29:06.239,1.51561,1.51584,2.25,2.89
2017.06.02 01:29:10.018,1.51561,1.51581,1.50,1.39
2017.06.02 01:29:10.331,1.51561,1.51579,1.00,1.76
2017.06.02 01:29:10.439,1.51557,1.51578,1.87,1.45
2017.06.02 01:29:10.950,1.51556,1.51576,3.00,1.76
2017.06.02 01:29:13.254,1.51556,1.51576,1.50,1.76
2017.06.02 01:29:13.978,1.51556,1.51576,1.00,1.76
2017.06.02 01:29:15.228,1.51556,1.51576,1.00,1.76
2017.06.02 01:29:15.279,1.51559,1.51577,1.00,1.64
2017.06.02 01:29:15.433,1.5156,1.5158,1.00,2.14
2017.06.02 01:29:16.251,1.5156,1.5158,1.50,1.64
2017.06.02 01:29:16.768,1.5156,1.5158,1.50,1.01
2017.06.02 01:29:17.533,1.5156,1.51581,1.00,2.51
2017.06.02 01:29:18.040,1.5156,1.51581,1.00,2.14
2017.06.02 01:29:19.191,1.5156,1.51581,1.50,1.76
2017.06.02 01:29:20.287,1.5156,1.51581,1.50,1.76
2017.06.02 01:29:22.471,1.51565,1.51581,1.00,1.20
2017.06.02 01:29:22.574,1.51566,1.51585,1.00,2.51
2017.06.02 01:29:22.676,1.51566,1.51586,1.50,1.57
2017.06.02 01:29:23.322,1.51567,1.51588,1.00,1.76
2017.06.02 01:29:25.150,1.51567,1.51587,1.00,1.01
2017.06.02 01:29:35.499,1.51566,1.51585,1.00,1.57
2017.06.02 01:29:35.601,1.51565,1.51585,1.00,1.95
2017.06.02 01:29:35.704,1.51564,1.51585,1.00,1.95
2017.06.02 01:29:36.220,1.51564,1.51586,1.00,1.20
2017.06.02 01:29:39.749,1.51562,1.51582,1.87,1.69
2017.06.02 01:29:39.902,1.51559,1.51581,2.25,1.57
2017.06.02 01:29:39.954,1.5156,1.51578,1.00,1.07
2017.06.02 01:29:40.057,1.51561,1.51582,1.37,1.66
2017.06.02 01:29:40.269,1.51562,1.51583,1.00,2.14
2017.06.02 01:29:40.611,1.51564,1.51583,1.00,1.01
2017.06.02 01:29:40.866,1.51564,1.51585,1.00,2.89
2017.06.02 01:29:41.375,1.51565,1.51585,1.00,2.89
2017.06.02 01:29:42.305,1.51567,1.51585,1.00,1.62
2017.06.02 01:29:42.408,1.51567,1.51587,1.00,1.00
2017.06.02 01:29:42.459,1.51569,1.51588,1.00,2.51
2017.06.02 01:29:42.866,1.51566,1.51582,1.50,2.51
2017.06.02 01:29:43.037,1.51561,1.51579,1.75,1.56
2017.06.02 01:29:43.088,1.51561,1.51579,1.00,2.51
2017.06.02 01:29:43.190,1.51557,1.51579,1.50,2.51
2017.06.02 01:29:43.809,1.51558,1.51579,1.00,1.76
2017.06.02 01:29:44.455,1.51558,1.51579,1.50,2.14
2017.06.02 01:29:44.961,1.51558,1.51578,1.00,1.32
2017.06.02 01:29:45.674,1.51558,1.51578,1.00,1.32
2017.06.02 01:29:49.014,1.51556,1.51578,2.62,1.01
2017.06.02 01:29:49.576,1.51554,1.51577,3.75,1.76
2017.06.02 01:29:50.779,1.51555,1.51577,1.00,1.76
2017.06.02 01:29:51.781,1.51555,1.51576,1.50,1.32
2017.06.02 01:29:52.025,1.51557,1.51576,1.00,1.32
2017.06.02 01:30:00.933,1.51556,1.51576,1.00,1.32
2017.06.02 01:30:01.448,1.51557,1.51577,1.00,1.45
2017.06.02 01:30:03.382,1.51557,1.51576,1.00,1.01
2017.06.02 01:30:05.165,1.51558,1.51577,1.00,1.32
2017.06.02 01:30:05.410,1.51556,1.51577,1.00,1.32
2017.06.02 01:30:05.870,1.51556,1.51575,1.00,1.01
2017.06.02 01:30:06.412,1.51556,1.51574,1.00,1.32
2017.06.02 01:30:08.148,1.51556,1.51574,1.00,1.32
2017.06.02 01:30:09.180,1.51557,1.51575,1.00,2.51
2017.06.02 01:30:10.311,1.51557,1.51576,1.00,1.64
2017.06.02 01:30:11.074,1.51558,1.51576,1.00,1.64
2017.06.02 01:30:12.462,1.51557,1.51577,1.50,1.07
2017.06.02 01:30:12.514,1.51561,1.51577,1.00,1.64
2017.06.02 01:30:12.566,1.51561,1.51577,1.50,1.00
2017.06.02 01:30:12.740,1.51563,1.51581,1.50,1.00
2017.06.02 01:30:12.842,1.51563,1.51583,1.50,1.10
2017.06.02 01:30:13.429,1.51564,1.51584,1.00,1.20
2017.06.02 01:30:14.045,1.51563,1.51583,1.00,1.32
2017.06.02 01:30:14.665,1.51563,1.51583,1.00,1.76
2017.06.02 01:30:15.025,1.51559,1.5158,1.12,3.26
2017.06.02 01:30:15.281,1.51556,1.51577,1.50,1.64
2017.06.02 01:30:15.332,1.51558,1.51577,1.00,1.64
2017.06.02 01:30:15.848,1.51558,1.51577,1.00,1.10
2017.06.02 01:30:17.054,1.51557,1.51577,1.00,1.39
2017.06.02 01:30:23.287,1.51558,1.51577,1.00,1.39
2017.06.02 01:30:28.458,1.51557,1.51577,1.00,2.14
2017.06.02 01:30:29.921,1.51556,1.51577,1.50,2.14
2017.06.02 01:30:32.110,1.51558,1.51577,1.00,1.57
2017.06.02 01:30:32.499,1.51566,1.51579,1.00,2.14
2017.06.02 01:30:32.550,1.51563,1.51579,1.00,2.06
2017.06.02 01:30:32.601,1.51565,1.51579,1.00,1.31
2017.06.02 01:30:32.652,1.51566,1.51584,1.00,1.75
2017.06.02 01:30:32.755,1.51567,1.51586,1.00,1.12
2017.06.02 01:30:32.806,1.51569,1.51586,1.00,1.12
2017.06.02 01:30:33.949,1.51568,1.51587,1.00,1.39
2017.06.02 01:30:34.492,1.51567,1.51587,3.00,1.39
2017.06.02 01:30:37.203,1.51568,1.51586,1.00,1.25
2017.06.02 01:30:37.721,1.5157,1.51588,1.00,1.39
2017.06.02 01:30:37.876,1.51572,1.51591,1.00,1.39
2017.06.02 01:30:38.821,1.51571,1.51591,1.50,1.39
2017.06.02 01:30:39.369,1.51573,1.51591,1.00,1.62
2017.06.02 01:30:39.912,1.51573,1.51593,1.00,1.76
2017.06.02 01:30:42.324,1.51572,1.51593,1.00,1.76
2017.06.02 01:30:42.875,1.51572,1.51593,1.00,1.76
2017.06.02 01:30:43.390,1.51573,1.51593,1.00,1.01
2017.06.02 01:30:45.471,1.51575,1.51594,1.00,2.14
2017.06.02 01:30:45.573,1.51577,1.51596,1.00,1.76
2017.06.02 01:30:45.675,1.51579,1.51596,1.00,1.25
2017.06.02 01:30:46.518,1.5158,1.51598,1.00,1.76
2017.06.02 01:30:47.382,1.5158,1.51598,1.00,1.76
2017.06.02 01:30:48.061,1.5158,1.51598,1.00,1.39
2017.06.02 01:30:48.663,1.51576,1.51596,1.50,1.94
2017.06.02 01:30:48.970,1.51575,1.51594,1.00,1.01
2017.06.02 01:30:49.022,1.51573,1.51591,1.12,1.12
2017.06.02 01:30:49.124,1.51572,1.51588,1.00,1.12
2017.06.02 01:30:49.176,1.51568,1.51588,1.50,1.76
2017.06.02 01:30:53.346,1.51569,1.51587,1.00,1.76
2017.06.02 01:30:54.490,1.51568,1.51584,1.00,1.00
2017.06.02 01:30:54.545,1.51566,1.51584,1.00,1.00
2017.06.02 01:30:54.742,1.51565,1.51581,1.50,1.00
2017.06.02 01:30:54.794,1.51563,1.5158,1.00,1.25
2017.06.02 01:30:55.152,1.51562,1.51579,1.00,1.69
2017.06.02 01:30:55.732,1.51562,1.51579,1.00,1.12
2017.06.02 01:30:57.114,1.5156,1.51579,1.00,1.76
2017.06.02 01:30:57.702,1.5156,1.51578,1.00,1.00
2017.06.02 01:30:58.550,1.51561,1.51578,1.00,1.00
2017.06.02 01:30:59.091,1.51561,1.5158,1.00,1.76
2017.06.02 01:30:59.638,1.51561,1.5158,1.00,1.76
2017.06.02 01:31:00.308,1.51561,1.5158,1.00,1.76
2017.06.02 01:31:03.523,1.5156,1.5158,1.00,1.76
2017.06.02 01:31:03.575,1.5156,1.51578,1.00,1.56
2017.06.02 01:31:04.084,1.51558,1.51577,1.00,1.00
2017.06.02 01:31:04.817,1.51559,1.51578,1.00,1.66
2017.06.02 01:31:05.331,1.51559,1.51578,1.00,1.10
2017.06.02 01:31:06.292,1.5156,1.51577,1.00,1.00
2017.06.02 01:31:07.368,1.5156,1.51578,1.00,1.10
2017.06.02 01:31:08.069,1.5156,1.51578,1.00,1.07
2017.06.02 01:31:09.291,1.51559,1.51578,1.00,1.07
2017.06.02 01:31:09.545,1.51557,1.51578,1.00,1.64
2017.06.02 01:31:12.649,1.51557,1.51576,1.00,1.07
2017.06.02 01:31:13.516,1.51555,1.51576,1.12,1.07
2017.06.02 01:31:13.619,1.51557,1.51576,1.00,1.39
2017.06.02 01:31:14.649,1.51556,1.51576,1.00,1.39
2017.06.02 01:31:15.152,1.51555,1.51576,1.87,1.39
2017.06.02 01:31:18.011,1.51556,1.51576,1.00,1.20
2017.06.02 01:31:18.516,1.51555,1.51574,1.87,1.10
2017.06.02 01:31:19.066,1.51556,1.51574,1.00,1.10
2017.06.02 01:31:19.411,1.51558,1.51576,1.00,1.57
2017.06.02 01:31:22.030,1.51558,1.51577,1.00,1.07
2017.06.02 01:31:22.518,1.51556,1.51577,1.00,1.07
2017.06.02 01:31:22.726,1.51558,1.51577,1.00,1.07
2017.06.02 01:31:23.882,1.51558,1.51577,1.00,1.07
2017.06.02 01:31:24.488,1.51559,1.51579,1.00,1.07
2017.06.02 01:31:25.596,1.51559,1.51579,1.00,1.07
2017.06.02 01:31:27.414,1.5156,1.51579,1.00,1.07
2017.06.02 01:31:29.777,1.5156,1.5158,1.00,1.20
2017.06.02 01:31:30.316,1.5156,1.5158,1.00,1.20
2017.06.02 01:31:30.835,1.5156,1.5158,1.00,1.20
2017.06.02 01:31:32.608,1.51561,1.5158,1.00,1.20
2017.06.02 01:31:33.693,1.5156,1.5158,1.00,1.20
2017.06.02 01:31:34.654,1.51558,1.5158,2.25,1.20
2017.06.02 01:31:38.435,1.5156,1.5158,1.00,1.20
2017.06.02 01:31:46.186,1.51558,1.51578,1.50,1.10
2017.06.02 01:31:46.291,1.51556,1.51578,2.25,1.07
2017.06.02 01:31:46.597,1.51557,1.51577,1.00,1.20
2017.06.02 01:31:48.094,1.51557,1.51577,1.00,1.07
2017.06.02 01:31:48.400,1.5156,1.5158,1.00,1.07
2017.06.02 01:31:49.594,1.5156,1.51582,1.00,1.57
2017.06.02 01:31:49.646,1.5156,1.51582,1.50,1.20
2017.06.02 01:31:49.802,1.51563,1.51583,1.00,1.57
2017.06.02 01:31:49.854,1.51561,1.51583,2.25,1.20
2017.06.02 01:31:50.479,1.51562,1.51583,1.00,1.07
2017.06.02 01:31:51.291,1.51561,1.51582,2.25,1.07
2017.06.02 01:31:51.802,1.5156,1.51581,1.00,1.07
2017.06.02 01:31:52.332,1.51561,1.51583,1.00,2.70
2017.06.02 01:31:53.011,1.51561,1.51583,1.50,2.32
2017.06.02 01:31:53.519,1.51561,1.51583,1.50,1.45
2017.06.02 01:31:55.744,1.51561,1.51583,1.50,1.57
2017.06.02 01:31:57.631,1.51563,1.51583,1.00,1.57
2017.06.02 01:31:58.146,1.5156,1.51583,3.75,3.07
2017.06.02 01:31:58.299,1.5156,1.51577,1.00,1.12
2017.06.02 01:31:58.608,1.5156,1.51581,2.25,1.57
2017.06.02 01:31:58.710,1.51561,1.51582,1.00,1.10
2017.06.02 01:31:59.228,1.51562,1.51582,1.00,1.10
2017.06.02 01:32:00.166,1.51563,1.51583,1.00,1.07
2017.06.02 01:32:03.070,1.51566,1.51584,1.00,1.57
2017.06.02 01:32:03.675,1.51566,1.51585,1.00,1.07
2017.06.02 01:32:04.666,1.51565,1.51584,1.00,1.07
2017.06.02 01:32:05.006,1.51561,1.51579,1.00,1.10
2017.06.02 01:32:05.159,1.51559,1.51579,1.00,1.45
2017.06.02 01:32:05.261,1.51559,1.51577,1.00,1.47
2017.06.02 01:32:05.772,1.51559,1.51577,1.00,1.10
2017.06.02 01:32:06.078,1.51559,1.51575,1.00,1.10
2017.06.02 01:32:06.746,1.51557,1.51575,1.50,1.10
2017.06.02 01:32:07.559,1.51559,1.51576,1.00,1.07
2017.06.02 01:32:08.082,1.51559,1.51576,1.00,1.10
2017.06.02 01:32:09.362,1.51563,1.51579,1.00,1.76
2017.06.02 01:32:09.413,1.51561,1.51579,1.00,1.20
2017.06.02 01:32:09.465,1.51561,1.51578,1.00,1.10
2017.06.02 01:32:09.669,1.51559,1.51578,1.00,1.47
2017.06.02 01:32:10.190,1.51558,1.51576,1.00,1.10
2017.06.02 01:32:10.720,1.51559,1.51578,1.00,1.20
2017.06.02 01:32:11.290,1.51559,1.51578,1.00,1.20
2017.06.02 01:32:11.542,1.51562,1.5158,1.00,2.32
2017.06.02 01:32:11.695,1.51563,1.51581,1.00,1.95
2017.06.02 01:32:12.505,1.51562,1.51581,1.00,1.20
2017.06.02 01:32:13.884,1.51559,1.51578,1.00,1.45
2017.06.02 01:32:14.467,1.51559,1.51579,1.00,1.20
2017.06.02 01:32:15.002,1.51559,1.51578,1.00,1.10
2017.06.02 01:32:15.503,1.51558,1.51578,1.00,1.10
2017.06.02 01:32:16.851,1.51558,1.51579,1.50,1.20
2017.06.02 01:32:17.358,1.51558,1.51579,1.50,1.57
2017.06.02 01:32:18.269,1.51559,1.51579,1.00,2.32
2017.06.02 01:32:18.845,1.51559,1.51579,1.00,2.32
2017.06.02 01:32:20.662,1.51559,1.51579,1.00,1.57
2017.06.02 01:32:21.183,1.5156,1.51579,1.00,1.57
2017.06.02 01:32:23.269,1.5156,1.51579,1.00,1.07
2017.06.02 01:32:23.868,1.51559,1.51579,1.00,1.07
2017.06.02 01:32:24.531,1.5156,1.51579,1.00,1.07
2017.06.02 01:32:25.043,1.51561,1.51579,1.00,1.07
2017.06.02 01:32:27.471,1.5156,1.51579,1.00,1.07
2017.06.02 01:32:28.318,1.51558,1.51579,2.25,1.07
2017.06.02 01:32:29.440,1.51558,1.5158,2.25,1.57
2017.06.02 01:32:29.491,1.51554,1.51575,2.25,1.10
2017.06.02 01:32:29.543,1.51554,1.51574,1.50,1.20
2017.06.02 01:32:29.848,1.51553,1.51571,2.25,1.07
2017.06.02 01:32:32.617,1.51553,1.51573,1.50,1.57
2017.06.02 01:32:33.154,1.51554,1.51573,1.50,1.45
2017.06.02 01:32:33.713,1.51553,1.51571,1.00,1.45
2017.06.02 01:32:37.008,1.51552,1.51571,1.00,1.07
2017.06.02 01:32:37.517,1.51553,1.51571,1.00,1.00
2017.06.02 01:32:38.064,1.51552,1.51571,1.00,1.00
2017.06.02 01:32:39.527,1.51553,1.51571,1.00,1.00
2017.06.02 01:32:40.526,1.51552,1.51571,1.00,1.00
2017.06.02 01:32:42.334,1.51552,1.51571,1.00,1.07
2017.06.02 01:32:43.013,1.51552,1.51571,1.00,1.10
2017.06.02 01:32:43.962,1.51552,1.5157,1.00,1.10
2017.06.02 01:32:44.014,1.51549,1.51569,1.12,1.00
2017.06.02 01:32:44.260,1.51548,1.5157,1.50,2.89
2017.06.02 01:32:44.566,1.51547,1.51568,1.00,1.95
2017.06.02 01:32:45.157,1.51548,1.51568,1.00,1.95
2017.06.02 01:32:46.293,1.51548,1.51567,1.00,1.10
2017.06.02 01:32:46.888,1.51548,1.5157,1.50,1.95
2017.06.02 01:32:47.736,1.51549,1.5157,1.00,1.95
2017.06.02 01:32:48.250,1.51549,1.5157,1.00,1.95
2017.06.02 01:32:51.258,1.5155,1.5157,1.00,1.45
2017.06.02 01:32:51.778,1.51549,1.51569,1.00,1.45
2017.06.02 01:32:52.284,1.51549,1.51569,1.00,1.45
2017.06.02 01:32:52.886,1.51549,1.51569,1.00,1.45
2017.06.02 01:32:53.631,1.51548,1.51569,1.00,1.45
2017.06.02 01:32:55.735,1.51548,1.51569,1.00,1.57
2017.06.02 01:32:56.262,1.51547,1.51568,1.00,2.32
2017.06.02 01:32:56.856,1.51544,1.51564,1.87,1.00
2017.06.02 01:32:56.907,1.51543,1.51563,1.50,1.07
2017.06.02 01:32:57.009,1.51542,1.51561,1.00,1.95
2017.06.02 01:32:57.510,1.51542,1.51561,1.00,1.45
2017.06.02 01:32:57.991,1.51541,1.5156,1.00,1.95
2017.06.02 01:32:58.296,1.51541,1.51559,1.00,1.45
2017.06.02 01:32:58.348,1.51537,1.51559,1.50,1.45
2017.06.02 01:32:58.400,1.51536,1.51557,2.62,1.20
2017.06.02 01:32:59.338,1.51538,1.51557,1.00,1.20
2017.06.02 01:32:59.868,1.51537,1.51558,1.00,1.95
2017.06.02 01:33:00.418,1.51537,1.51557,1.00,1.20
2017.06.02 01:33:03.628,1.51537,1.51557,1.00,1.57
2017.06.02 01:33:09.016,1.51537,1.51559,2.25,2.70
2017.06.02 01:33:09.718,1.51537,1.51559,2.25,2.32
2017.06.02 01:33:10.999,1.51541,1.51559,1.00,1.57
2017.06.02 01:33:11.051,1.51537,1.51559,2.25,2.32
2017.06.02 01:33:13.649,1.51537,1.51559,2.25,2.32
2017.06.02 01:33:13.752,1.51539,1.51559,1.00,1.95
2017.06.02 01:33:14.151,1.51542,1.51563,1.50,1.57
2017.06.02 01:33:14.202,1.51542,1.51562,1.00,1.20
2017.06.02 01:33:14.586,1.51542,1.51562,1.00,1.20
2017.06.02 01:33:15.109,1.51543,1.51563,1.00,3.45
2017.06.02 01:33:17.800,1.51542,1.51563,1.00,1.95
2017.06.02 01:33:19.599,1.51544,1.51564,1.00,1.07
2017.06.02 01:33:20.107,1.51544,1.51565,1.00,3.26
2017.06.02 01:33:22.063,1.51545,1.51565,1.00,1.45
2017.06.02 01:33:23.647,1.51546,1.51565,1.00,2.51
2017.06.02 01:33:25.411,1.51546,1.51565,1.00,2.51
2017.06.02 01:33:25.946,1.51546,1.51565,1.00,2.51
2017.06.02 01:33:26.557,1.51545,1.51565,1.50,1.76
2017.06.02 01:33:27.963,1.51544,1.51565,1.50,1.45
2017.06.02 01:33:30.016,1.51543,1.51564,1.50,1.07
2017.06.02 01:33:30.580,1.51543,1.51562,1.00,1.00
2017.06.02 01:33:33.320,1.51543,1.51564,1.00,3.07
2017.06.02 01:33:35.375,1.51543,1.51564,1.50,1.95
2017.06.02 01:33:35.914,1.51543,1.51564,1.50,1.95
2017.06.02 01:33:36.712,1.51543,1.51564,1.50,1.95
2017.06.02 01:33:36.814,1.5154,1.5156,1.00,1.45
2017.06.02 01:33:36.972,1.51537,1.51556,1.12,1.00
2017.06.02 01:33:37.024,1.51536,1.51553,2.25,1.00
2017.06.02 01:33:37.381,1.51536,1.51555,2.25,1.10
2017.06.02 01:33:38.328,1.51536,1.51556,1.00,1.95
2017.06.02 01:33:39.372,1.51536,1.51556,1.00,2.06
2017.06.02 01:33:39.892,1.51536,1.51556,1.00,1.87
2017.06.02 01:33:40.691,1.51533,1.51554,2.32,1.50
2017.06.02 01:33:41.033,1.51533,1.51553,1.00,1.87
2017.06.02 01:33:41.542,1.51534,1.51554,1.00,1.87
2017.06.02 01:33:45.277,1.51541,1.5156,1.10,2.25
2017.06.02 01:33:45.484,1.51542,1.51564,1.57,1.12
2017.06.02 01:33:46.156,1.51542,1.51564,1.07,1.50
2017.06.02 01:33:46.430,1.51547,1.51565,1.00,1.50
2017.06.02 01:33:46.483,1.51547,1.51566,1.00,1.12
2017.06.02 01:33:48.134,1.51548,1.51567,1.00,1.50
2017.06.02 01:33:48.671,1.51548,1.51568,1.10,1.00
2017.06.02 01:33:49.289,1.51549,1.51568,1.00,1.00
2017.06.02 01:33:50.544,1.5155,1.51568,1.00,1.00
2017.06.02 01:33:53.708,1.51551,1.51569,1.00,1.37
2017.06.02 01:33:55.598,1.5155,1.51569,1.50,1.47
2017.06.02 01:33:56.146,1.51551,1.51572,1.00,3.82
2017.06.02 01:33:57.947,1.51551,1.51572,1.50,1.95
2017.06.02 01:33:58.158,1.51553,1.51572,1.00,1.95
2017.06.02 01:33:58.676,1.51548,1.51568,1.00,1.37
2017.06.02 01:33:58.727,1.51547,1.51568,2.25,1.45
2017.06.02 01:33:59.068,1.51545,1.51567,1.50,2.32
2017.06.02 01:33:59.729,1.51545,1.51567,1.50,3.07
2017.06.02 01:34:00.580,1.51549,1.51567,1.00,1.07
2017.06.02 01:34:00.733,1.51548,1.51569,1.50,1.95
2017.06.02 01:34:01.246,1.51548,1.51569,1.00,3.45
2017.06.02 01:34:02.889,1.51546,1.51565,1.00,1.45
2017.06.02 01:34:02.991,1.51544,1.51565,1.50,1.45
2017.06.02 01:34:03.568,1.51547,1.51567,1.00,1.07
2017.06.02 01:34:03.721,1.51549,1.51569,1.00,2.32
2017.06.02 01:34:03.874,1.51547,1.51569,1.50,1.95
2017.06.02 01:34:07.654,1.51548,1.51567,1.00,1.45
2017.06.02 01:34:08.033,1.5155,1.51569,1.00,1.20
2017.06.02 01:34:08.135,1.5155,1.51569,1.50,1.07
2017.06.02 01:34:08.344,1.51552,1.51572,1.00,1.82
2017.06.02 01:34:08.867,1.51552,1.51572,1.00,1.45
2017.06.02 01:34:10.562,1.51555,1.51575,1.00,1.20
2017.06.02 01:34:10.716,1.51553,1.51574,2.25,1.57
2017.06.02 01:34:10.767,1.51555,1.51576,1.00,2.70
2017.06.02 01:34:10.869,1.51552,1.51573,2.25,1.45
2017.06.02 01:34:11.073,1.51554,1.51573,1.00,1.45
2017.06.02 01:34:11.378,1.51556,1.51575,1.00,1.95
2017.06.02 01:34:12.416,1.51556,1.51575,1.50,1.45
2017.06.02 01:34:13.111,1.51556,1.51575,1.50,1.45
2017.06.02 01:34:14.831,1.51556,1.51576,1.00,2.51
2017.06.02 01:34:15.086,1.51554,1.51574,1.00,1.07
2017.06.02 01:34:15.611,1.51553,1.51573,1.50,1.45
2017.06.02 01:34:17.426,1.51555,1.51575,1.00,1.47
2017.06.02 01:34:17.478,1.51556,1.51575,1.00,1.20
2017.06.02 01:34:17.529,1.51557,1.51575,1.00,1.37
2017.06.02 01:34:17.681,1.51557,1.51575,1.00,1.20
2017.06.02 01:34:17.783,1.51557,1.51575,1.00,1.47
2017.06.02 01:34:18.293,1.51556,1.51575,1.00,1.47
2017.06.02 01:34:20.541,1.51557,1.51575,1.00,1.37
2017.06.02 01:34:21.059,1.51557,1.51576,1.00,1.00
2017.06.02 01:34:21.744,1.51557,1.51575,1.00,1.37
2017.06.02 01:34:21.950,1.51558,1.51577,1.00,1.00
2017.06.02 01:34:22.509,1.51558,1.51578,1.00,1.12
2017.06.02 01:34:22.811,1.51558,1.51578,1.00,1.95
2017.06.02 01:34:23.608,1.51557,1.51577,1.00,2.70
2017.06.02 01:34:24.267,1.51554,1.51577,2.25,3.45
2017.06.02 01:34:25.770,1.51554,1.51576,2.25,1.57
2017.06.02 01:34:26.290,1.51554,1.51576,2.32,1.95
2017.06.02 01:34:27.399,1.51555,1.51576,1.00,1.20
2017.06.02 01:34:30.560,1.51558,1.51577,1.00,1.32
2017.06.02 01:34:30.662,1.51558,1.51579,1.00,1.57
2017.06.02 01:34:30.866,1.5156,1.51579,1.00,1.00
2017.06.02 01:34:31.224,1.51563,1.51582,1.00,1.95
2017.06.02 01:34:31.458,1.51562,1.51584,1.10,1.95
2017.06.02 01:34:34.181,1.51561,1.51581,1.07,1.00
2017.06.02 01:34:35.031,1.51559,1.5158,1.95,1.00
2017.06.02 01:34:35.084,1.51559,1.51579,1.57,1.37
2017.06.02 01:34:35.238,1.51557,1.51576,2.32,1.37
2017.06.02 01:34:35.652,1.51556,1.51575,1.95,1.87
2017.06.02 01:34:35.703,1.51556,1.51573,1.20,1.00
2017.06.02 01:34:35.857,1.51552,1.51572,2.32,1.12
2017.06.02 01:34:37.050,1.51552,1.51572,1.07,1.37
2017.06.02 01:34:40.574,1.51555,1.51574,1.00,1.50
2017.06.02 01:34:40.728,1.51555,1.51575,1.00,1.12
2017.06.02 01:34:41.387,1.51555,1.51575,1.07,1.12
2017.06.02 01:34:41.896,1.51554,1.51574,1.07,1.00
2017.06.02 01:34:42.402,1.51554,1.51574,1.10,1.12
2017.06.02 01:34:44.915,1.51554,1.51574,1.00,1.37
2017.06.02 01:34:45.573,1.51553,1.51573,1.87,1.37
2017.06.02 01:34:46.285,1.51553,1.51573,1.57,1.37
2017.06.02 01:34:47.431,1.51552,1.51571,1.95,1.00
2017.06.02 01:34:47.482,1.51552,1.51571,1.57,1.00
2017.06.02 01:34:47.991,1.51553,1.51572,1.00,1.00
2017.06.02 01:34:48.502,1.51552,1.51572,1.20,1.00
2017.06.02 01:34:48.797,1.51554,1.51572,1.00,1.00
2017.06.02 01:34:50.533,1.51556,1.51573,1.00,1.00
2017.06.02 01:34:53.875,1.51555,1.51573,1.10,1.00
2017.06.02 01:34:56.849,1.51552,1.51572,1.20,1.37
2017.06.02 01:34:57.380,1.51552,1.51572,1.10,1.00
2017.06.02 01:34:59.278,1.51553,1.51572,1.00,1.37
2017.06.02 01:34:59.887,1.51552,1.51572,1.00,1.37
2017.06.02 01:35:00.452,1.51552,1.51571,1.00,1.37
2017.06.02 01:35:00.656,1.51553,1.51572,1.50,1.12
2017.06.02 01:35:01.235,1.51553,1.51573,1.50,1.12
2017.06.02 01:35:03.470,1.51555,1.51575,1.00,1.95
2017.06.02 01:35:04.016,1.51556,1.51573,1.00,1.00
2017.06.02 01:35:05.524,1.51556,1.51575,1.00,1.87
2017.06.02 01:35:05.626,1.51554,1.51575,1.10,1.87
2017.06.02 01:35:08.017,1.51556,1.51575,1.00,1.37
2017.06.02 01:35:10.527,1.51557,1.51578,1.00,1.95
2017.06.02 01:35:15.541,1.51556,1.51577,1.00,1.57
2017.06.02 01:35:20.554,1.51557,1.51578,1.00,2.70
2017.06.02 01:35:23.387,1.51556,1.51578,1.57,1.95
2017.06.02 01:35:24.111,1.51557,1.51578,1.00,1.95
2017.06.02 01:35:25.136,1.51557,1.51578,1.00,3.07
2017.06.02 01:35:25.187,1.51554,1.51577,2.89,1.87
2017.06.02 01:35:25.290,1.51555,1.51576,1.57,1.87
2017.06.02 01:35:25.596,1.51555,1.51572,1.00,1.00
2017.06.02 01:35:25.977,1.51554,1.51574,1.00,1.50
2017.06.02 01:35:26.231,1.51552,1.51571,1.10,1.00
2017.06.02 01:35:26.487,1.5155,1.5157,1.10,1.00
2017.06.02 01:35:27.018,1.51549,1.5157,1.10,1.00
2017.06.02 01:35:27.534,1.51551,1.51571,1.00,1.00
2017.06.02 01:35:27.839,1.51553,1.51573,1.07,1.75
2017.06.02 01:35:27.941,1.51553,1.51573,1.10,1.12
2017.06.02 01:35:28.043,1.51553,1.51575,1.10,1.95
2017.06.02 01:35:28.591,1.51554,1.51575,1.10,1.12
2017.06.02 01:35:30.568,1.51556,1.51576,1.00,1.57
2017.06.02 01:35:30.932,1.51557,1.51578,1.10,1.00
2017.06.02 01:35:31.248,1.51557,1.51578,1.20,1.00
2017.06.02 01:35:32.741,1.51557,1.51578,1.45,1.00
2017.06.02 01:35:32.792,1.51558,1.5158,1.95,1.87
2017.06.02 01:35:33.489,1.51558,1.5158,2.32,1.50
2017.06.02 01:35:34.226,1.51558,1.51581,3.07,1.00
2017.06.02 01:35:34.939,1.5156,1.51581,1.10,1.00
2017.06.02 01:35:34.991,1.5156,1.51582,1.95,1.50
2017.06.02 01:35:35.314,1.5156,1.5158,1.57,1.00
2017.06.02 01:35:35.766,1.5156,1.51582,1.57,1.50
2017.06.02 01:35:36.567,1.51561,1.51583,1.10,2.70
2017.06.02 01:35:37.746,1.51561,1.51582,1.10,1.00
2017.06.02 01:35:38.296,1.51561,1.51583,1.10,2.70
2017.06.02 01:35:39.637,1.51562,1.51583,1.00,1.95
2017.06.02 01:35:40.170,1.51563,1.51583,1.00,1.12
2017.06.02 01:35:40.723,1.51564,1.51584,1.00,1.57
2017.06.02 01:35:41.075,1.51566,1.51585,1.00,1.85
2017.06.02 01:35:41.378,1.51568,1.51587,1.00,1.85
2017.06.02 01:35:41.430,1.51565,1.51586,1.10,1.12
2017.06.02 01:35:41.535,1.51565,1.51585,1.00,1.57
2017.06.02 01:35:42.199,1.51564,1.51585,1.00,2.14
2017.06.02 01:35:42.923,1.51563,1.51585,1.10,2.14
2017.06.02 01:35:45.730,1.51564,1.51585,1.10,1.00
2017.06.02 01:35:49.474,1.51565,1.51585,1.00,1.00
2017.06.02 01:35:51.162,1.51565,1.51584,1.00,1.00
2017.06.02 01:35:51.716,1.51564,1.51585,1.10,1.00
2017.06.02 01:35:53.527,1.51564,1.51584,1.10,1.00
2017.06.02 01:36:00.899,1.51562,1.51583,1.57,1.00
2017.06.02 01:36:02.763,1.51562,1.51584,1.57,1.50
2017.06.02 01:36:03.072,1.51562,1.51582,1.95,1.00
2017.06.02 01:36:03.596,1.51563,1.51582,1.10,1.00
2017.06.02 01:36:04.175,1.51563,1.51583,1.07,1.50
2017.06.02 01:36:05.159,1.51564,1.51582,1.00,1.00
2017.06.02 01:36:05.689,1.51564,1.51583,1.00,1.00
2017.06.02 01:36:09.807,1.51564,1.51582,1.00,1.00
2017.06.02 01:36:10.314,1.51563,1.51582,1.00,1.00
2017.06.02 01:36:10.828,1.51562,1.51581,1.00,1.87
2017.06.02 01:36:11.347,1.51563,1.5158,1.00,1.00
2017.06.02 01:36:13.032,1.51562,1.5158,1.00,1.00
2017.06.02 01:36:13.724,1.51562,1.51581,1.00,1.87
2017.06.02 01:36:14.315,1.51563,1.51581,1.00,1.87
2017.06.02 01:36:17.084,1.51562,1.51581,1.10,1.12
2017.06.02 01:36:17.709,1.51562,1.51581,1.07,1.12
2017.06.02 01:36:23.088,1.51562,1.51581,1.07,1.12
2017.06.02 01:36:23.425,1.51562,1.51581,1.10,1.12
2017.06.02 01:36:23.934,1.51562,1.5158,1.07,1.00
2017.06.02 01:36:24.638,1.51562,1.5158,1.10,1.00
2017.06.02 01:36:25.241,1.5156,1.51579,1.07,1.00
2017.06.02 01:36:25.698,1.51558,1.51578,2.14,1.00
2017.06.02 01:36:26.225,1.51558,1.51578,1.76,1.00
2017.06.02 01:36:26.836,1.51558,1.51578,1.76,1.00
2017.06.02 01:36:35.666,1.51558,1.51578,1.20,1.00
2017.06.02 01:36:36.385,1.51558,1.51578,1.07,1.00
2017.06.02 01:36:41.163,1.51558,1.51579,1.20,2.25
2017.06.02 01:36:46.392,1.51558,1.51579,1.07,1.50
2017.06.02 01:36:52.106,1.51558,1.51578,1.39,1.00
2017.06.02 01:36:54.197,1.51559,1.51579,1.10,1.00
2017.06.02 01:36:57.223,1.51559,1.5158,1.10,1.87
2017.06.02 01:36:59.149,1.51559,1.5158,1.07,1.87
2017.06.02 01:36:59.737,1.51561,1.51581,1.10,1.50
2017.06.02 01:37:02.413,1.51561,1.51582,1.07,1.75
2017.06.02 01:37:03.614,1.51564,1.51585,1.00,3.56
2017.06.02 01:37:03.716,1.51564,1.51585,1.00,2.81
2017.06.02 01:37:03.818,1.51564,1.51585,1.00,1.69
2017.06.02 01:37:05.450,1.51564,1.51585,1.00,2.06
2017.06.02 01:37:06.011,1.51564,1.51585,1.00,2.14
2017.06.02 01:37:07.240,1.51562,1.51583,1.57,1.50
2017.06.02 01:37:12.331,1.51561,1.51582,1.57,1.12
2017.06.02 01:37:12.638,1.51555,1.51575,1.00,1.20
2017.06.02 01:37:13.344,1.51555,1.51574,1.00,1.00
2017.06.02 01:37:13.601,1.51549,1.51569,1.50,1.00
2017.06.02 01:37:15.400,1.51549,1.5157,1.10,2.62
2017.06.02 01:37:17.338,1.51549,1.51569,1.00,1.10
2017.06.02 01:37:18.307,1.51548,1.51569,1.50,1.10
2017.06.02 01:37:20.872,1.51548,1.51568,1.50,1.00
2017.06.02 01:37:21.025,1.51546,1.51566,3.00,1.00
2017.06.02 01:37:23.023,1.51548,1.51566,1.00,1.00
2017.06.02 01:37:23.388,1.51548,1.51568,1.00,1.20
2017.06.02 01:37:24.170,1.51547,1.51568,1.00,1.95
2017.06.02 01:37:31.314,1.51547,1.51567,1.00,1.00
2017.06.02 01:37:31.981,1.51547,1.51568,1.00,1.95
2017.06.02 01:37:32.135,1.51548,1.51567,1.20,1.00
2017.06.02 01:37:32.186,1.51548,1.51567,1.07,1.00
2017.06.02 01:37:32.542,1.51547,1.51567,1.10,1.00
2017.06.02 01:37:33.058,1.51546,1.51566,1.10,1.50
2017.06.02 01:37:33.677,1.51547,1.51567,1.57,1.00
2017.06.02 01:37:33.779,1.51549,1.51568,1.00,1.87
2017.06.02 01:37:34.085,1.51553,1.51572,1.00,1.00
2017.06.02 01:37:34.601,1.51553,1.51573,1.00,1.87
2017.06.02 01:37:35.973,1.51551,1.51572,1.50,1.00
2017.06.02 01:37:36.784,1.51551,1.51573,1.57,1.95
2017.06.02 01:37:38.139,1.51551,1.51574,3.82,2.32
2017.06.02 01:37:39.158,1.51553,1.51574,1.00,2.25
2017.06.02 01:37:40.017,1.51553,1.51574,1.07,2.25
2017.06.02 01:37:44.546,1.51553,1.51574,1.20,1.50
2017.06.02 01:37:44.617,1.51553,1.51574,1.07,1.50
2017.06.02 01:37:47.567,1.51553,1.51574,1.10,1.50
2017.06.02 01:37:48.080,1.51553,1.51575,1.07,2.25
2017.06.02 01:37:48.296,1.51553,1.51575,1.07,1.87
2017.06.02 01:37:48.669,1.51553,1.51573,1.10,1.00
2017.06.02 01:37:49.373,1.51553,1.51573,1.07,1.00
2017.06.02 01:37:51.079,1.51553,1.51574,1.07,1.87
2017.06.02 01:37:58.522,1.51553,1.51574,1.10,1.87
2017.06.02 01:38:11.498,1.51553,1.51573,1.10,1.00
2017.06.02 01:38:24.151,1.51553,1.51574,1.10,1.12
2017.06.02 01:38:24.710,1.51553,1.51574,1.07,1.87
2017.06.02 01:38:25.045,1.51561,1.51578,1.00,1.75
2017.06.02 01:38:25.325,1.51563,1.51582,1.00,1.00
2017.06.02 01:38:27.306,1.51563,1.51584,1.10,1.00
2017.06.02 01:38:28.527,1.51563,1.51583,1.00,1.00
2017.06.02 01:38:29.417,1.51564,1.51583,1.00,1.00
2017.06.02 01:38:36.289,1.51562,1.51583,1.07,1.00
2017.06.02 01:38:37.183,1.51562,1.51583,1.07,1.00
2017.06.02 01:38:43.155,1.51562,1.51583,1.07,1.00
2017.06.02 01:38:43.257,1.51562,1.51584,1.20,1.50
2017.06.02 01:38:46.125,1.51563,1.51584,1.10,1.50
2017.06.02 01:38:52.116,1.51562,1.51584,1.95,1.00
2017.06.02 01:38:52.771,1.51562,1.51584,1.95,1.00
2017.06.02 01:39:00.584,1.51563,1.51585,1.07,1.00
2017.06.02 01:39:02.218,1.51563,1.51584,1.07,1.00
2017.06.02 01:39:03.640,1.51563,1.51584,1.07,1.00
2017.06.02 01:39:04.200,1.51563,1.51584,1.07,1.50
2017.06.02 01:39:04.900,1.51563,1.51584,1.07,1.00
2017.06.02 01:39:05.520,1.51563,1.51584,1.07,1.00
2017.06.02 01:39:07.984,1.51563,1.51584,1.07,1.00
2017.06.02 01:39:08.509,1.51563,1.51584,1.07,1.00
2017.06.02 01:39:09.916,1.51563,1.51584,1.07,1.50
2017.06.02 01:39:15.042,1.51563,1.51584,1.07,1.00
2017.06.02 01:39:17.836,1.51563,1.51584,1.07,1.50
2017.06.02 01:39:18.413,1.51563,1.51584,1.07,1.50
2017.06.02 01:39:18.683,1.51562,1.51582,1.20,1.00
2017.06.02 01:39:19.186,1.51563,1.51583,1.10,1.00
2017.06.02 01:39:34.615,1.51563,1.51583,1.07,1.00
2017.06.02 01:39:39.027,1.51563,1.51584,1.07,1.50
2017.06.02 01:39:41.232,1.51563,1.51583,1.07,1.00
2017.06.02 01:39:42.834,1.51563,1.51582,1.07,1.00
2017.06.02 01:39:43.604,1.51563,1.51583,1.07,1.00
2017.06.02 01:39:47.353,1.51563,1.51584,1.07,1.50
2017.06.02 01:39:48.638,1.51562,1.51583,1.07,1.00
2017.06.02 01:39:54.403,1.51562,1.51583,1.07,1.00
2017.06.02 01:39:59.081,1.51562,1.51583,1.07,1.50
2017.06.02 01:40:19.257,1.51563,1.51584,1.07,1.50
2017.06.02 01:40:20.239,1.51562,1.51583,1.10,1.00
2017.06.02 01:40:20.788,1.51562,1.51583,1.07,1.00
2017.06.02 01:40:24.537,1.51561,1.51584,2.70,1.00
2017.06.02 01:40:27.646,1.51561,1.51584,2.70,1.10
2017.06.02 01:40:27.748,1.51561,1.51584,2.32,1.50
2017.06.02 01:40:30.584,1.51561,1.51584,1.95,2.06
2017.06.02 01:40:33.667,1.51562,1.51583,1.07,1.00
2017.06.02 01:40:38.343,1.51562,1.51583,1.10,1.50
2017.06.02 01:40:40.929,1.51562,1.51583,1.07,1.50
2017.06.02 01:40:43.324,1.51562,1.51583,1.00,1.50
2017.06.02 01:40:44.067,1.51562,1.51583,1.07,2.25
2017.06.02 01:40:44.731,1.51562,1.51583,1.10,2.25
2017.06.02 01:40:45.441,1.51561,1.51581,1.20,1.50
2017.06.02 01:40:45.646,1.51559,1.5158,2.62,1.57
2017.06.02 01:40:45.749,1.51559,1.51578,1.50,1.00
2017.06.02 01:40:46.381,1.5156,1.51578,1.00,1.50
2017.06.02 01:40:47.044,1.51559,1.51578,1.00,1.50
2017.06.02 01:40:47.146,1.5156,1.51581,1.50,1.76
2017.06.02 01:40:47.702,1.5156,1.51581,2.32,1.31
2017.06.02 01:40:49.706,1.5156,1.51581,2.32,1.00
2017.06.02 01:40:50.066,1.51561,1.51583,1.20,1.25
2017.06.02 01:40:50.373,1.51565,1.51586,1.07,1.50
2017.06.02 01:40:52.079,1.51566,1.51586,1.07,1.00
2017.06.02 01:40:53.220,1.51566,1.51586,1.10,1.00
2017.06.02 01:41:00.709,1.51567,1.51586,1.00,1.00
2017.06.02 01:41:02.491,1.51567,1.51585,1.10,1.00
2017.06.02 01:41:09.485,1.51568,1.51587,1.00,1.10
2017.06.02 01:41:10.065,1.51568,1.51588,1.00,1.00
2017.06.02 01:41:10.548,1.51568,1.51586,1.00,1.00
2017.06.02 01:41:11.224,1.51568,1.51585,1.00,1.00
2017.06.02 01:41:11.825,1.51567,1.51585,1.50,1.00
2017.06.02 01:41:13.916,1.51567,1.51587,1.00,1.00
2017.06.02 01:41:14.119,1.51567,1.51589,1.57,1.00
2017.06.02 01:41:14.668,1.51568,1.51589,1.07,1.00
2017.06.02 01:41:15.212,1.51567,1.51588,1.57,1.50
2017.06.02 01:41:16.347,1.51569,1.51589,1.10,1.00
2017.06.02 01:41:16.399,1.51571,1.51589,1.00,1.00
2017.06.02 01:41:16.653,1.51571,1.51591,1.07,1.00
2017.06.02 01:41:18.251,1.51571,1.51592,1.07,1.00
2017.06.02 01:41:23.168,1.51572,1.51593,1.10,1.87
2017.06.02 01:41:29.186,1.51571,1.51592,1.20,1.00
2017.06.02 01:41:29.728,1.51573,1.51592,1.00,1.00
2017.06.02 01:41:31.609,1.51572,1.51592,1.10,1.00
2017.06.02 01:41:34.066,1.51572,1.51593,1.10,1.00
2017.06.02 01:41:37.456,1.51572,1.51592,1.57,1.00
2017.06.02 01:41:41.851,1.51572,1.51591,1.50,1.00
2017.06.02 01:41:45.370,1.51572,1.51592,1.00,1.50
2017.06.02 01:41:47.550,1.51571,1.51591,1.10,1.00
2017.06.02 01:41:50.094,1.51569,1.5159,2.32,1.00
2017.06.02 01:41:50.146,1.51568,1.51587,2.25,1.39
2017.06.02 01:41:50.453,1.51562,1.51581,1.12,1.00
2017.06.02 01:41:51.021,1.51561,1.51581,1.57,1.00
2017.06.02 01:41:55.554,1.51562,1.51581,1.00,1.00
2017.06.02 01:41:56.849,1.51561,1.51581,1.57,1.00
2017.06.02 01:42:02.795,1.5156,1.51579,1.00,1.87
2017.06.02 01:42:03.001,1.51555,1.51575,1.50,1.10
2017.06.02 01:42:03.103,1.51553,1.51571,1.50,1.00
2017.06.02 01:42:03.206,1.51551,1.5157,1.50,1.00
2017.06.02 01:42:03.257,1.51553,1.51573,1.00,1.57
2017.06.02 01:42:03.615,1.51551,1.51572,1.20,1.50
2017.06.02 01:42:03.926,1.51551,1.5157,1.00,1.00
2017.06.02 01:42:04.029,1.51549,1.51569,1.10,1.00
2017.06.02 01:42:14.919,1.51548,1.5157,1.50,1.20
2017.06.02 01:42:15.436,1.51549,1.5157,1.00,1.20
2017.06.02 01:42:16.061,1.51549,1.5157,1.00,1.20
2017.06.02 01:42:16.516,1.51547,1.51567,1.00,1.00
2017.06.02 01:42:16.618,1.51545,1.51566,1.57,1.00
2017.06.02 01:42:16.771,1.51545,1.51565,1.00,1.07
2017.06.02 01:42:16.823,1.51542,1.51564,1.57,1.20
2017.06.02 01:42:17.368,1.51541,1.51563,2.32,1.12
2017.06.02 01:42:19.474,1.51542,1.51562,1.00,1.00
2017.06.02 01:42:20.088,1.51542,1.51563,1.10,1.12
2017.06.02 01:42:21.982,1.51542,1.51563,1.07,1.12
2017.06.02 01:42:22.955,1.51542,1.51563,1.57,1.69
2017.06.02 01:42:23.057,1.51541,1.51562,2.25,1.66
2017.06.02 01:42:24.695,1.51541,1.51562,2.32,1.00
2017.06.02 01:42:25.411,1.51541,1.51563,2.32,1.76
2017.06.02 01:42:26.435,1.51541,1.51562,1.57,1.31
2017.06.02 01:42:28.079,1.5154,1.51562,1.00,2.89
2017.06.02 01:42:28.711,1.51539,1.51562,1.57,2.89
2017.06.02 01:42:33.967,1.51539,1.51562,1.57,2.89
2017.06.02 01:42:35.751,1.51538,1.51559,1.87,1.00
2017.06.02 01:42:36.063,1.51539,1.51558,1.57,1.00
2017.06.02 01:42:36.166,1.51538,1.51559,1.00,1.39
2017.06.02 01:42:36.218,1.51536,1.51559,2.70,1.39
2017.06.02 01:42:36.746,1.51539,1.51559,1.00,1.25
2017.06.02 01:42:36.951,1.51537,1.51559,1.10,1.31
2017.06.02 01:42:37.155,1.51536,1.51559,1.10,2.89
2017.06.02 01:42:37.832,1.51535,1.51557,1.10,1.66
2017.06.02 01:42:38.621,1.51534,1.51555,2.70,1.00
2017.06.02 01:42:38.926,1.51533,1.51553,1.00,1.31
2017.06.02 01:42:40.649,1.51534,1.51553,1.00,1.31
2017.06.02 01:42:41.293,1.51532,1.51552,1.20,1.00
2017.06.02 01:42:41.822,1.51531,1.51551,1.50,1.31
2017.06.02 01:42:41.924,1.5153,1.51549,1.20,1.00
2017.06.02 01:42:42.390,1.51529,1.51549,1.00,1.66
2017.06.02 01:42:42.904,1.51528,1.51547,1.00,1.31
2017.06.02 01:42:46.447,1.51528,1.51548,1.00,1.10
2017.06.02 01:42:52.619,1.51528,1.51549,1.00,1.10
2017.06.02 01:42:56.487,1.51528,1.51547,1.00,1.31
2017.06.02 01:42:58.844,1.51527,1.51548,1.00,1.66
2017.06.02 01:43:01.249,1.51528,1.51548,1.00,1.01
2017.06.02 01:43:01.778,1.51529,1.51548,1.00,1.01
2017.06.02 01:43:03.666,1.51528,1.5155,1.00,2.51
2017.06.02 01:43:04.172,1.51527,1.5155,1.50,3.26
2017.06.02 01:43:05.411,1.51527,1.51549,1.00,1.39
2017.06.02 01:43:06.103,1.51527,1.51547,1.00,1.64
2017.06.02 01:43:06.763,1.51526,1.51548,1.00,2.14
2017.06.02 01:43:11.428,1.51527,1.51548,1.00,2.14
2017.06.02 01:43:15.131,1.51526,1.51548,1.57,2.14
2017.06.02 01:43:15.233,1.51526,1.51548,1.50,2.06
2017.06.02 01:43:15.335,1.51528,1.51549,1.00,1.66
2017.06.02 01:43:15.913,1.51528,1.51549,1.00,1.10
2017.06.02 01:43:18.330,1.51529,1.51549,1.00,1.10
2017.06.02 01:43:19.634,1.51529,1.51549,1.00,1.07
2017.06.02 01:43:20.487,1.51529,1.5155,1.00,1.20
2017.06.02 01:43:22.415,1.51528,1.5155,1.00,1.20
2017.06.02 01:43:26.340,1.51527,1.51549,1.57,1.10
2017.06.02 01:43:27.051,1.51527,1.51548,1.10,1.00
2017.06.02 01:43:28.854,1.51528,1.51549,1.00,1.66
2017.06.02 01:43:33.979,1.51528,1.51549,1.00,1.57
2017.06.02 01:43:34.515,1.51528,1.51549,1.00,3.07
