2011.03.11 19:00:00.173,1.35086,1.35116,1.25,2.25
2011.03.11 19:00:00.989,1.35086,1.35115,1.25,1.88
2011.03.11 19:00:01.433,1.35092,1.35115,1.69,1.88
2011.03.11 19:00:01.653,1.35099,1.35127,2.00,2.25
2011.03.11 19:00:01.763,1.35102,1.35127,1.25,1.50
2011.03.11 19:00:02.312,1.35104,1.35132,1.25,2.63
2011.03.11 19:00:03.704,1.35104,1.35132,1.25,2.63
2011.03.11 19:00:04.255,1.35104,1.35131,1.69,1.13
2011.03.11 19:00:05.966,1.35107,1.35136,1.25,3.00
2011.03.11 19:00:06.303,1.35107,1.35134,1.25,1.50
2011.03.11 19:00:06.727,1.35107,1.35136,1.25,3.75
2011.03.11 19:00:06.952,1.35107,1.35133,1.25,1.50
2011.03.11 19:00:07.282,1.3511,1.35136,1.25,1.50
2011.03.11 19:00:07.735,1.3511,1.35138,1.25,1.13
2011.03.11 19:00:08.293,1.3511,1.35139,1.25,1.88
2011.03.11 19:00:09.873,1.3511,1.35137,1.25,1.13
2011.03.11 19:00:10.753,1.35109,1.35135,1.50,1.50
2011.03.11 19:00:11.086,1.35103,1.35129,1.44,1.13
2011.03.11 19:00:11.532,1.35102,1.35128,2.19,1.13
2011.03.11 19:00:12.411,1.35102,1.35128,1.25,1.13
2011.03.11 19:00:13.833,1.35103,1.35128,1.25,1.13
2011.03.11 19:00:20.556,1.35105,1.3513,1.25,1.50
2011.03.11 19:00:21.066,1.35105,1.35131,1.25,2.63
2011.03.11 19:00:21.182,1.35107,1.35136,1.25,1.50
2011.03.11 19:00:21.402,1.35107,1.35136,1.25,1.50
2011.03.11 19:00:24.352,1.35107,1.35136,1.44,1.50
2011.03.11 19:00:28.024,1.35107,1.35136,1.44,1.50
2011.03.11 19:00:29.312,1.35107,1.35136,1.44,1.50
2011.03.11 19:00:31.544,1.35104,1.35135,2.19,1.69
2011.03.11 19:00:31.982,1.35105,1.35133,1.25,2.25
2011.03.11 19:00:41.913,1.35107,1.35133,1.44,1.50
2011.03.11 19:00:42.463,1.35107,1.35133,2.19,1.50
2011.03.11 19:00:42.791,1.35107,1.35133,2.19,1.50
2011.03.11 19:00:45.304,1.35109,1.35136,1.69,1.50
2011.03.11 19:00:45.412,1.35107,1.35136,2.19,1.50
2011.03.11 19:00:46.463,1.35109,1.35136,1.69,1.50
2011.03.11 19:00:47.634,1.35109,1.35137,1.44,1.50
2011.03.11 19:00:48.419,1.35109,1.35137,1.44,1.50
2011.03.11 19:00:50.746,1.35108,1.35135,1.25,1.50
2011.03.11 19:00:50.972,1.35105,1.35135,1.25,1.50
2011.03.11 19:00:52.903,1.35104,1.35135,1.25,1.50
2011.03.11 19:00:53.563,1.35104,1.35134,1.25,1.69
2011.03.11 19:01:08.723,1.35104,1.35134,1.25,1.69
2011.03.11 19:01:14.294,1.35104,1.35134,2.00,1.69
2011.03.11 19:01:14.695,1.35101,1.35128,1.69,1.13
2011.03.11 19:01:15.043,1.35093,1.35121,1.25,1.69
2011.03.11 19:01:17.722,1.35093,1.3512,2.00,2.44
2011.03.11 19:01:35.423,1.35093,1.35121,2.00,2.82
2011.03.11 19:01:35.752,1.35093,1.35121,2.00,2.07
2011.03.11 19:01:39.412,1.35094,1.35121,1.25,2.07
2011.03.11 19:01:40.073,1.35095,1.35121,1.25,1.69
2011.03.11 19:01:46.962,1.35096,1.35121,1.25,1.69
2011.03.11 19:01:51.605,1.35096,1.35125,1.63,3.19
2011.03.11 19:01:51.834,1.351,1.35126,1.63,3.19
2011.03.11 19:01:52.165,1.35101,1.35126,1.44,2.25
2011.03.11 19:01:52.276,1.35104,1.35129,1.25,1.32
2011.03.11 19:01:54.436,1.35104,1.35125,1.25,1.69
2011.03.11 19:01:54.663,1.35095,1.35125,1.25,2.44
2011.03.11 19:02:01.384,1.35095,1.35119,1.25,1.50
2011.03.11 19:02:01.934,1.35095,1.3512,1.25,2.07
2011.03.11 19:02:09.103,1.35095,1.35123,1.25,1.50
2011.03.11 19:02:11.324,1.35094,1.35123,1.25,1.50
2011.03.11 19:02:11.902,1.35093,1.3512,1.50,1.50
2011.03.11 19:02:12.125,1.35089,1.3512,2.00,1.69
2011.03.11 19:02:15.132,1.3509,1.35119,1.25,1.69
2011.03.11 19:02:17.613,1.35091,1.3512,1.25,2.07
2011.03.11 19:02:17.832,1.35091,1.3512,1.25,2.07
2011.03.11 19:02:18.412,1.35091,1.3512,1.25,2.07
2011.03.11 19:02:21.225,1.35091,1.3512,1.25,2.82
2011.03.11 19:02:23.494,1.35091,1.3512,1.25,2.82
2011.03.11 19:02:23.959,1.35091,1.3512,1.25,3.57
2011.03.11 19:02:24.553,1.35091,1.3512,1.63,3.57
2011.03.11 19:02:24.663,1.35093,1.3512,1.69,1.88
2011.03.11 19:02:24.994,1.35095,1.35125,1.81,1.69
2011.03.11 19:02:25.322,1.35099,1.35125,1.25,1.69
2011.03.11 19:02:26.641,1.351,1.35129,1.25,1.69
2011.03.11 19:02:29.474,1.351,1.3513,1.44,1.50
2011.03.11 19:02:29.804,1.351,1.3513,2.19,1.50
2011.03.11 19:02:36.596,1.35102,1.3513,1.25,1.13
2011.03.11 19:02:36.932,1.35102,1.35131,1.25,3.19
2011.03.11 19:02:41.889,1.35102,1.35131,2.19,1.50
2011.03.11 19:02:47.643,1.35102,1.35131,2.94,3.00
2011.03.11 19:02:50.073,1.35102,1.35129,1.44,1.50
2011.03.11 19:02:50.185,1.35101,1.35129,2.19,1.50
2011.03.11 19:02:50.931,1.35101,1.35129,1.44,1.50
2011.03.11 19:02:51.042,1.35102,1.35129,1.25,1.50
2011.03.11 19:02:51.371,1.35102,1.35129,1.25,1.50
2011.03.11 19:03:19.653,1.35102,1.3513,1.25,1.69
2011.03.11 19:03:24.351,1.35102,1.35129,1.25,1.50
2011.03.11 19:03:31.482,1.35101,1.35129,1.44,1.50
2011.03.11 19:03:32.031,1.35101,1.35129,1.44,1.50
2011.03.11 19:03:32.251,1.35101,1.35129,1.44,1.50
2011.03.11 19:03:44.072,1.35101,1.35124,1.44,1.50
2011.03.11 19:03:44.842,1.35101,1.35126,1.44,1.50
2011.03.11 19:03:45.391,1.35101,1.35126,1.44,1.50
2011.03.11 19:04:03.910,1.35101,1.35126,1.25,1.50
2011.03.11 19:04:05.911,1.35101,1.35128,1.25,2.25
2011.03.11 19:04:19.464,1.35105,1.35128,2.07,1.50
2011.03.11 19:04:19.794,1.35111,1.35135,1.69,1.50
2011.03.11 19:04:19.902,1.35111,1.35135,2.44,1.50
2011.03.11 19:04:20.122,1.35113,1.35137,1.69,1.50
2011.03.11 19:04:20.633,1.35113,1.35138,2.19,1.50
2011.03.11 19:04:21.502,1.35113,1.35138,2.19,2.25
2011.03.11 19:04:22.431,1.35113,1.35139,2.19,1.50
2011.03.11 19:04:23.087,1.35113,1.35139,2.19,2.25
2011.03.11 19:04:24.242,1.35113,1.3514,2.19,2.25
2011.03.11 19:04:27.708,1.35113,1.3514,1.44,2.25
2011.03.11 19:04:28.262,1.35109,1.35138,1.44,2.25
2011.03.11 19:04:28.917,1.35109,1.35138,2.19,2.25
2011.03.11 19:04:30.102,1.35109,1.35138,1.44,2.25
2011.03.11 19:04:30.652,1.35109,1.35138,1.44,2.25
2011.03.11 19:04:30.764,1.35113,1.35139,1.69,3.00
2011.03.11 19:04:31.213,1.35111,1.35139,2.44,3.00
2011.03.11 19:04:31.542,1.35109,1.35136,1.44,2.25
2011.03.11 19:04:32.232,1.35108,1.35134,1.25,2.25
2011.03.11 19:04:38.502,1.35108,1.35136,2.19,2.25
2011.03.11 19:04:39.102,1.35108,1.35136,2.19,2.25
2011.03.11 19:04:44.263,1.35108,1.35135,1.69,1.50
2011.03.11 19:04:44.811,1.35107,1.35135,1.44,1.50
2011.03.11 19:04:44.921,1.35105,1.35135,1.25,1.50
2011.03.11 19:04:47.094,1.35105,1.35134,1.25,2.63
2011.03.11 19:04:47.202,1.35102,1.35131,3.01,1.50
2011.03.11 19:04:47.312,1.35101,1.35131,2.94,1.50
2011.03.11 19:04:48.048,1.35102,1.35131,1.44,1.50
2011.03.11 19:04:48.634,1.35103,1.35131,2.52,1.50
2011.03.11 19:04:48.742,1.35104,1.35133,1.44,1.50
2011.03.11 19:04:52.772,1.35104,1.35133,4.14,1.50
2011.03.11 19:04:53.093,1.35106,1.35133,2.00,1.50
2011.03.11 19:04:53.725,1.35108,1.35137,1.25,2.25
2011.03.11 19:04:54.175,1.35108,1.35137,1.44,2.25
2011.03.11 19:04:54.298,1.35111,1.35138,1.69,1.50
2011.03.11 19:04:54.413,1.35112,1.35139,1.44,1.50
2011.03.11 19:04:54.527,1.35112,1.35141,2.19,2.25
2011.03.11 19:04:55.082,1.35112,1.35143,2.94,3.00
2011.03.11 19:04:55.307,1.35113,1.35143,1.63,3.00
2011.03.11 19:04:55.425,1.35118,1.35147,1.44,3.00
2011.03.11 19:04:55.765,1.3512,1.35147,1.13,1.50
2011.03.11 19:04:56.103,1.35123,1.3515,1.25,1.88
2011.03.11 19:04:56.431,1.35122,1.3515,1.25,3.38
2011.03.11 19:04:56.951,1.3512,1.3515,1.44,3.00
2011.03.11 19:04:59.793,1.35117,1.35147,2.19,1.50
2011.03.11 19:05:01.554,1.35115,1.35145,2.19,1.69
2011.03.11 19:05:01.662,1.35115,1.35142,1.44,1.50
2011.03.11 19:05:01.773,1.35115,1.35142,1.44,1.50
2011.03.11 19:05:01.993,1.35117,1.35142,1.69,1.50
2011.03.11 19:05:03.562,1.35117,1.35145,2.19,1.50
2011.03.11 19:05:04.111,1.35117,1.35145,2.19,1.50
2011.03.11 19:05:10.763,1.35115,1.3514,2.00,1.69
2011.03.11 19:05:10.873,1.3511,1.35139,2.19,1.69
2011.03.11 19:05:10.985,1.3511,1.35139,2.19,1.69
2011.03.11 19:05:11.321,1.3511,1.35139,1.25,1.50
2011.03.11 19:05:11.652,1.35106,1.35133,1.25,1.69
2011.03.11 19:05:11.762,1.35104,1.35135,1.25,1.50
2011.03.11 19:05:12.201,1.35104,1.35135,1.25,1.50
2011.03.11 19:05:18.271,1.35104,1.35135,1.25,1.50
2011.03.11 19:05:19.284,1.35103,1.35134,1.63,1.50
2011.03.11 19:05:19.507,1.35102,1.3513,2.00,1.50
2011.03.11 19:05:20.506,1.35099,1.35126,1.50,1.50
2011.03.11 19:05:20.842,1.35099,1.35129,1.25,1.50
2011.03.11 19:05:22.484,1.35099,1.35129,1.25,1.50
2011.03.11 19:05:23.432,1.35102,1.35132,1.25,1.69
2011.03.11 19:05:25.363,1.35102,1.35132,1.25,1.50
2011.03.11 19:05:25.585,1.35106,1.35135,1.25,1.50
2011.03.11 19:05:26.141,1.35106,1.3514,1.63,1.69
2011.03.11 19:05:26.255,1.35109,1.35139,1.25,1.50
2011.03.11 19:05:32.943,1.35109,1.35135,1.25,1.69
2011.03.11 19:05:33.275,1.35096,1.35126,2.00,1.13
2011.03.11 19:05:33.396,1.35096,1.35122,1.50,1.50
2011.03.11 19:05:33.732,1.35096,1.35124,1.44,1.50
2011.03.11 19:05:34.063,1.35091,1.35115,1.58,2.25
2011.03.11 19:05:34.518,1.35087,1.35116,1.25,4.13
2011.03.11 19:05:35.255,1.35087,1.35116,1.25,3.38
2011.03.11 19:05:35.813,1.35087,1.35116,1.63,2.44
2011.03.11 19:05:37.072,1.3509,1.35116,1.25,2.44
2011.03.11 19:05:39.803,1.35092,1.35116,1.44,2.25
2011.03.11 19:05:39.913,1.35092,1.35116,1.44,1.50
2011.03.11 19:05:42.084,1.35092,1.3512,1.44,1.69
2011.03.11 19:05:42.193,1.35092,1.3512,2.19,1.69
2011.03.11 19:05:43.206,1.35095,1.35124,1.25,1.50
2011.03.11 19:05:43.762,1.35094,1.35124,2.00,1.50
2011.03.11 19:05:44.297,1.35094,1.35124,1.25,1.50
2011.03.11 19:05:47.542,1.35095,1.35124,1.25,1.50
2011.03.11 19:05:49.095,1.35094,1.35124,2.19,1.50
2011.03.11 19:05:50.244,1.35096,1.35124,1.69,1.50
2011.03.11 19:05:50.872,1.35096,1.35124,1.69,1.50
2011.03.11 19:05:51.423,1.35097,1.35124,1.69,1.50
2011.03.11 19:05:51.752,1.35095,1.35124,1.44,1.50
2011.03.11 19:05:52.176,1.35095,1.35124,1.44,1.50
2011.03.11 19:05:52.295,1.35096,1.35124,1.69,1.50
2011.03.11 19:05:52.851,1.35096,1.35124,1.69,1.50
2011.03.11 19:05:53.952,1.35095,1.35124,1.44,1.50
2011.03.11 19:05:54.173,1.35094,1.3512,2.00,1.69
2011.03.11 19:05:54.393,1.35091,1.3512,1.44,1.69
2011.03.11 19:05:58.827,1.35091,1.35121,1.25,1.50
2011.03.11 19:06:00.827,1.35091,1.35121,1.25,1.50
2011.03.11 19:06:05.872,1.35092,1.35121,1.25,1.50
2011.03.11 19:06:05.984,1.35092,1.35121,2.75,1.50
2011.03.11 19:06:06.204,1.35092,1.35121,1.25,1.50
2011.03.11 19:06:06.315,1.35095,1.35121,1.13,1.50
2011.03.11 19:06:06.652,1.35096,1.35125,2.00,1.50
2011.03.11 19:06:09.993,1.35097,1.35125,1.25,1.50
2011.03.11 19:06:13.031,1.35097,1.35125,1.25,1.50
2011.03.11 19:06:17.234,1.35098,1.35125,1.25,1.50
2011.03.11 19:06:17.563,1.35101,1.35128,1.44,1.50
2011.03.11 19:06:24.763,1.35104,1.35128,1.69,1.50
2011.03.11 19:06:24.875,1.35103,1.35128,1.69,1.50
2011.03.11 19:06:24.993,1.35101,1.35126,2.00,1.69
2011.03.11 19:06:25.322,1.35099,1.35126,2.00,1.69
2011.03.11 19:06:26.154,1.35103,1.35126,1.50,1.69
2011.03.11 19:06:26.373,1.35103,1.35132,2.00,1.50
2011.03.11 19:06:27.241,1.35106,1.35132,1.50,1.50
2011.03.11 19:06:35.474,1.35103,1.35132,2.00,1.69
2011.03.11 19:06:36.160,1.35103,1.35127,1.50,1.50
2011.03.11 19:06:36.316,1.35103,1.35127,1.50,1.50
2011.03.11 19:06:50.162,1.35103,1.35127,1.50,1.50
2011.03.11 19:06:53.252,1.351,1.35127,1.50,1.50
2011.03.11 19:06:54.914,1.35103,1.35127,1.50,1.50
2011.03.11 19:06:56.983,1.35103,1.35129,2.00,1.50
2011.03.11 19:06:58.062,1.35104,1.3513,1.25,1.50
2011.03.11 19:07:01.214,1.35104,1.35131,1.25,3.57
2011.03.11 19:07:10.313,1.35104,1.3513,1.25,1.32
2011.03.11 19:07:10.641,1.35107,1.35131,1.25,1.13
2011.03.11 19:07:24.922,1.35107,1.35131,1.25,1.13
2011.03.11 19:07:25.252,1.35102,1.3513,1.44,1.13
2011.03.11 19:07:33.313,1.35102,1.3513,1.44,1.13
2011.03.11 19:07:59.122,1.35102,1.35131,1.44,1.88
2011.03.11 19:07:59.671,1.35102,1.35131,1.44,2.63
2011.03.11 19:08:10.308,1.35097,1.35125,1.06,1.69
2011.03.11 19:08:10.538,1.35098,1.3513,1.81,2.44
2011.03.11 19:08:11.120,1.35099,1.3513,1.44,1.69
2011.03.11 19:08:11.825,1.35099,1.3513,1.44,2.44
2011.03.11 19:08:12.421,1.35099,1.3513,1.44,2.44
2011.03.11 19:08:12.753,1.351,1.3513,1.44,2.44
2011.03.11 19:08:13.532,1.351,1.3513,1.44,1.69
2011.03.11 19:08:14.455,1.351,1.3513,1.44,1.69
2011.03.11 19:08:15.663,1.351,1.3513,1.44,1.69
2011.03.11 19:08:16.232,1.351,1.3513,1.44,1.69
2011.03.11 19:08:17.062,1.351,1.3513,1.44,1.69
2011.03.11 19:08:45.114,1.351,1.35128,1.25,1.69
2011.03.11 19:08:48.341,1.35101,1.35133,1.44,1.69
2011.03.11 19:09:38.043,1.35101,1.35131,2.19,1.69
2011.03.11 19:09:45.812,1.35102,1.35134,1.25,3.00
2011.03.11 19:09:46.161,1.35102,1.35134,1.25,3.00
2011.03.11 19:09:46.382,1.35103,1.35133,2.00,1.50
2011.03.11 19:09:47.894,1.35103,1.35133,2.00,1.69
2011.03.11 19:09:48.222,1.35103,1.35133,1.25,3.19
2011.03.11 19:09:49.003,1.35103,1.35133,2.75,1.69
2011.03.11 19:09:50.103,1.35103,1.35133,2.00,1.69
2011.03.11 19:09:50.433,1.35107,1.35134,1.25,1.69
2011.03.11 19:09:50.545,1.35107,1.35134,1.25,1.69
2011.03.11 19:09:50.883,1.35107,1.35134,1.25,1.69
2011.03.11 19:09:51.104,1.35107,1.35134,1.25,1.69
2011.03.11 19:09:54.826,1.35108,1.35137,1.44,1.69
2011.03.11 19:09:55.163,1.35108,1.35137,1.44,1.69
2011.03.11 19:09:55.928,1.35107,1.35137,1.25,1.50
2011.03.11 19:09:58.456,1.35106,1.35132,1.25,1.50
2011.03.11 19:09:58.575,1.35102,1.35132,1.25,2.44
2011.03.11 19:09:59.123,1.35102,1.35132,2.19,1.69
2011.03.11 19:09:59.982,1.35102,1.35132,1.25,1.50
2011.03.11 19:10:02.763,1.35102,1.35132,1.25,1.69
2011.03.11 19:10:04.287,1.35102,1.35132,1.25,2.44
2011.03.11 19:10:08.952,1.35102,1.35125,1.25,1.69
2011.03.11 19:10:10.102,1.35102,1.35125,1.25,1.69
2011.03.11 19:10:10.573,1.35104,1.3513,1.13,1.69
2011.03.11 19:10:10.903,1.35106,1.3513,1.25,1.69
2011.03.11 19:10:16.204,1.35106,1.35135,1.44,3.19
2011.03.11 19:10:17.282,1.35106,1.35135,1.44,3.19
2011.03.11 19:10:23.392,1.35106,1.35135,1.44,3.19
2011.03.11 19:10:24.182,1.35106,1.35135,1.44,3.19
2011.03.11 19:10:24.623,1.35106,1.35135,1.44,3.19
2011.03.11 19:10:28.843,1.35106,1.35131,1.25,1.69
2011.03.11 19:10:29.172,1.35106,1.35131,1.25,1.69
2011.03.11 19:10:29.503,1.35106,1.35134,1.25,2.25
2011.03.11 19:10:29.725,1.35107,1.35136,1.25,2.25
2011.03.11 19:10:30.172,1.3511,1.35138,1.25,3.19
2011.03.11 19:10:32.862,1.3511,1.35138,1.25,2.25
2011.03.11 19:10:33.034,1.3511,1.35138,1.25,2.25
2011.03.11 19:10:38.254,1.35112,1.35139,1.25,1.50
2011.03.11 19:10:38.802,1.35112,1.3514,2.00,1.50
2011.03.11 19:10:43.321,1.35112,1.35139,2.00,1.50
2011.03.11 19:10:43.432,1.35112,1.35139,2.00,2.44
2011.03.11 19:10:43.982,1.35111,1.35138,1.25,1.69
2011.03.11 19:10:44.752,1.35112,1.35138,1.25,1.69
2011.03.11 19:10:46.973,1.35112,1.35141,1.25,2.25
2011.03.11 19:10:47.194,1.35112,1.35139,1.25,1.50
2011.03.11 19:10:51.493,1.35112,1.35139,1.25,2.44
2011.03.11 19:10:51.603,1.35111,1.35131,1.25,1.69
2011.03.11 19:10:51.714,1.35107,1.35134,1.44,1.50
2011.03.11 19:10:52.153,1.35106,1.35137,1.25,1.69
2011.03.11 19:10:52.372,1.35107,1.35137,1.25,1.69
2011.03.11 19:11:00.204,1.35106,1.35137,2.00,1.69
2011.03.11 19:11:00.774,1.35107,1.35137,1.25,1.69
2011.03.11 19:11:02.903,1.35107,1.35137,1.25,1.50
2011.03.11 19:11:03.232,1.35107,1.35137,1.25,1.50
2011.03.11 19:11:18.302,1.35106,1.35136,2.00,1.13
2011.03.11 19:11:18.853,1.35106,1.35137,2.00,1.88
2011.03.11 19:11:19.706,1.35107,1.35137,1.25,1.88
2011.03.11 19:11:20.301,1.35106,1.35135,2.00,1.13
2011.03.11 19:11:22.285,1.35107,1.35134,1.25,1.13
2011.03.11 19:11:22.516,1.35107,1.35136,1.25,1.13
2011.03.11 19:11:27.623,1.35107,1.35134,1.25,1.13
2011.03.11 19:11:30.323,1.35107,1.35135,1.25,1.13
2011.03.11 19:11:31.284,1.35107,1.35134,1.25,1.13
2011.03.11 19:11:31.505,1.35107,1.35134,1.25,1.13
2011.03.11 19:11:31.624,1.35107,1.35138,1.25,2.25
2011.03.11 19:11:32.495,1.3511,1.35139,1.44,1.88
2011.03.11 19:11:33.162,1.3511,1.35139,1.44,1.88
2011.03.11 19:11:36.992,1.3511,1.35139,1.44,1.88
2011.03.11 19:11:39.002,1.3511,1.35139,1.44,1.88
2011.03.11 19:11:42.625,1.35109,1.35139,4.51,1.88
2011.03.11 19:11:43.081,1.3511,1.35139,1.44,1.88
2011.03.11 19:11:44.696,1.3511,1.35139,1.44,1.88
2011.03.11 19:11:45.147,1.35109,1.35139,1.25,2.82
2011.03.11 19:11:45.822,1.35109,1.35136,1.25,1.69
2011.03.11 19:11:59.433,1.35109,1.35136,1.25,1.13
2011.03.11 19:12:00.087,1.35109,1.35137,1.25,1.13
2011.03.11 19:12:00.643,1.35109,1.35137,1.25,1.13
2011.03.11 19:12:04.934,1.35109,1.35139,1.25,1.88
2011.03.11 19:12:07.133,1.35109,1.35139,1.25,1.50
2011.03.11 19:12:10.664,1.35109,1.35139,1.25,1.50
2011.03.11 19:12:11.213,1.35109,1.35132,1.25,1.13
2011.03.11 19:12:13.014,1.35109,1.35132,1.25,1.13
2011.03.11 19:12:13.234,1.35111,1.35134,1.25,1.32
2011.03.11 19:12:13.675,1.35111,1.35134,1.25,1.32
2011.03.11 19:12:13.892,1.35111,1.35134,1.25,1.32
2011.03.11 19:12:14.623,1.35111,1.35134,1.25,1.32
2011.03.11 19:12:16.632,1.35111,1.35134,1.25,1.32
2011.03.11 19:12:17.834,1.35111,1.35134,1.25,1.32
2011.03.11 19:12:18.053,1.35107,1.35134,1.25,1.32
2011.03.11 19:12:18.384,1.35107,1.35137,2.75,1.50
2011.03.11 19:12:20.264,1.3511,1.3514,1.25,1.13
2011.03.11 19:12:29.335,1.3511,1.3514,1.25,1.13
2011.03.11 19:12:32.112,1.3511,1.3514,1.25,1.13
2011.03.11 19:12:32.895,1.3511,1.35132,1.25,1.13
2011.03.11 19:12:33.463,1.3511,1.35131,1.25,1.13
2011.03.11 19:12:34.775,1.3511,1.35131,1.25,1.13
2011.03.11 19:12:35.213,1.3511,1.35131,1.25,2.07
2011.03.11 19:12:38.637,1.3511,1.35134,1.25,1.32
2011.03.11 19:12:39.193,1.3511,1.35134,1.25,1.32
2011.03.11 19:12:43.513,1.35111,1.35137,2.19,1.50
2011.03.11 19:12:43.623,1.35111,1.35141,2.19,1.69
2011.03.11 19:12:44.503,1.35114,1.35144,1.25,1.88
2011.03.11 19:12:45.804,1.35114,1.35144,2.38,1.88
2011.03.11 19:12:46.135,1.35118,1.35144,1.25,1.13
2011.03.11 19:12:46.464,1.35118,1.35145,1.25,1.13
2011.03.11 19:12:47.231,1.35123,1.35147,1.50,1.69
2011.03.11 19:12:47.339,1.35124,1.35153,1.25,1.13
2011.03.11 19:12:47.455,1.35125,1.35153,1.50,1.13
2011.03.11 19:12:47.783,1.35127,1.35152,1.25,1.13
2011.03.11 19:12:49.252,1.35123,1.35154,2.00,1.50
2011.03.11 19:12:53.523,1.35124,1.35154,1.25,1.50
2011.03.11 19:12:54.133,1.35123,1.35154,1.25,1.50
2011.03.11 19:12:54.683,1.35123,1.35154,1.25,1.50
2011.03.11 19:12:55.278,1.35123,1.35154,1.25,1.50
2011.03.11 19:12:56.383,1.35125,1.35154,1.25,1.50
2011.03.11 19:12:56.714,1.35123,1.35154,2.00,1.50
2011.03.11 19:12:57.433,1.35125,1.35154,1.25,1.50
2011.03.11 19:12:58.005,1.35125,1.35154,1.25,1.50
2011.03.11 19:12:58.115,1.35127,1.35154,1.50,1.50
2011.03.11 19:12:58.224,1.35129,1.3516,2.00,1.69
2011.03.11 19:12:59.515,1.35129,1.35154,1.25,1.69
2011.03.11 19:12:59.623,1.35129,1.35154,1.25,1.69
2011.03.11 19:13:00.063,1.35129,1.35159,1.44,1.69
2011.03.11 19:13:00.282,1.35131,1.3516,1.25,2.82
2011.03.11 19:13:00.504,1.3513,1.35152,1.25,1.69
2011.03.11 19:13:01.993,1.35127,1.35156,1.25,1.69
2011.03.11 19:13:02.542,1.35126,1.35156,2.00,1.69
2011.03.11 19:13:04.483,1.35126,1.35146,1.25,1.69
2011.03.11 19:13:04.922,1.35123,1.35146,1.25,1.69
2011.03.11 19:13:08.583,1.35125,1.3515,1.25,1.69
2011.03.11 19:13:09.133,1.35123,1.35147,1.25,1.69
2011.03.11 19:13:13.094,1.35125,1.35146,1.25,1.69
2011.03.11 19:13:13.428,1.35137,1.35153,1.13,1.58
2011.03.11 19:13:13.550,1.35141,1.35165,1.25,1.69
2011.03.11 19:13:15.203,1.35141,1.35164,1.25,1.69
2011.03.11 19:13:15.755,1.35141,1.3517,2.19,1.69
2011.03.11 19:13:15.973,1.35141,1.35166,1.25,1.69
2011.03.11 19:13:16.678,1.35141,1.35166,1.25,1.69
2011.03.11 19:13:16.795,1.35142,1.35172,1.44,2.44
2011.03.11 19:13:16.915,1.35142,1.35172,1.44,2.44
2011.03.11 19:13:17.259,1.35137,1.35165,1.25,1.69
2011.03.11 19:13:17.814,1.35137,1.35165,2.00,1.69
2011.03.11 19:13:18.252,1.35137,1.35165,2.38,1.69
2011.03.11 19:13:18.803,1.3514,1.35165,1.25,1.69
2011.03.11 19:13:19.574,1.3514,1.35165,1.25,1.69
2011.03.11 19:13:19.682,1.3514,1.35165,1.25,1.69
2011.03.11 19:13:22.653,1.3514,1.35165,1.25,1.69
2011.03.11 19:13:23.665,1.3514,1.35165,1.25,1.69
2011.03.11 19:13:24.215,1.3514,1.35165,1.25,1.69
2011.03.11 19:13:24.434,1.3514,1.35165,1.25,1.69
2011.03.11 19:13:24.762,1.3514,1.35165,1.25,1.69
2011.03.11 19:13:25.312,1.3514,1.35165,1.25,1.69
2011.03.11 19:13:25.643,1.3514,1.35165,1.25,1.69
2011.03.11 19:13:28.639,1.35142,1.35169,1.44,1.50
2011.03.11 19:13:28.759,1.35144,1.35172,1.63,1.69
2011.03.11 19:13:29.097,1.35152,1.35178,1.25,1.69
2011.03.11 19:13:29.653,1.35152,1.35178,1.25,1.69
2011.03.11 19:13:31.703,1.35152,1.35178,1.25,1.69
2011.03.11 19:13:31.924,1.35152,1.35178,1.25,1.69
2011.03.11 19:13:34.783,1.35152,1.35178,1.25,1.69
2011.03.11 19:13:35.114,1.35152,1.35178,1.25,1.69
2011.03.11 19:13:36.104,1.35152,1.35178,1.25,1.69
2011.03.11 19:13:37.915,1.35152,1.35178,1.25,1.69
2011.03.11 19:13:38.133,1.3515,1.35165,1.13,1.69
2011.03.11 19:13:38.246,1.35138,1.35165,1.25,1.69
2011.03.11 19:13:38.583,1.35135,1.35162,2.00,1.50
2011.03.11 19:13:39.843,1.35135,1.35162,2.00,1.50
2011.03.11 19:13:40.283,1.35133,1.35162,2.00,1.50
2011.03.11 19:13:41.202,1.35134,1.35162,1.25,1.50
2011.03.11 19:13:41.532,1.35134,1.35162,1.25,1.50
2011.03.11 19:13:41.752,1.35135,1.35162,1.25,1.50
2011.03.11 19:13:41.974,1.35135,1.35162,1.25,1.50
2011.03.11 19:13:42.194,1.35135,1.35162,1.25,1.50
2011.03.11 19:13:42.743,1.35134,1.35162,1.25,1.50
2011.03.11 19:13:42.964,1.35135,1.35157,1.25,1.69
2011.03.11 19:13:43.186,1.35125,1.35152,1.25,2.44
2011.03.11 19:13:43.303,1.35124,1.35149,1.25,1.69
2011.03.11 19:13:43.852,1.35122,1.35149,1.25,1.69
2011.03.11 19:13:43.964,1.35122,1.35149,1.25,2.44
2011.03.11 19:13:44.513,1.35123,1.35149,1.25,2.44
2011.03.11 19:13:45.755,1.35124,1.35151,1.50,1.69
2011.03.11 19:13:45.974,1.35125,1.35149,1.25,1.69
2011.03.11 19:13:46.428,1.35126,1.35155,1.44,1.69
2011.03.11 19:13:46.549,1.35125,1.35151,1.25,1.69
2011.03.11 19:13:47.873,1.35124,1.3515,1.25,1.69
2011.03.11 19:13:48.204,1.35121,1.3515,1.25,1.50
2011.03.11 19:13:48.319,1.35123,1.35152,1.13,1.50
2011.03.11 19:13:48.438,1.35123,1.35153,1.63,1.50
2011.03.11 19:13:48.556,1.35127,1.35154,1.25,1.69
2011.03.11 19:13:49.443,1.35126,1.35157,1.25,2.44
2011.03.11 19:13:50.732,1.35129,1.35157,1.25,2.44
2011.03.11 19:13:52.611,1.35131,1.35157,1.50,1.50
2011.03.11 19:13:52.836,1.3514,1.3516,1.25,1.58
2011.03.11 19:13:53.394,1.3514,1.3517,1.25,1.50
2011.03.11 19:13:54.313,1.3514,1.3517,1.25,1.50
2011.03.11 19:13:55.023,1.3514,1.3517,1.25,1.50
2011.03.11 19:13:55.244,1.3514,1.3517,1.25,1.50
2011.03.11 19:13:55.684,1.35138,1.35166,1.25,1.50
2011.03.11 19:13:55.793,1.35137,1.35166,2.00,1.50
2011.03.11 19:13:56.294,1.35137,1.35166,2.00,1.50
2011.03.11 19:13:56.954,1.35137,1.35166,2.00,1.50
2011.03.11 19:13:57.643,1.35137,1.35166,1.25,1.50
2011.03.11 19:13:57.754,1.35134,1.35163,2.00,1.50
2011.03.11 19:13:57.863,1.35134,1.35163,1.25,1.50
2011.03.11 19:13:57.974,1.35134,1.35163,1.25,1.50
2011.03.11 19:13:58.646,1.35134,1.35163,1.25,1.50
2011.03.11 19:13:58.984,1.35129,1.35158,1.25,1.69
2011.03.11 19:13:59.977,1.35129,1.35158,1.25,2.07
2011.03.11 19:14:00.741,1.35133,1.35158,1.50,1.50
2011.03.11 19:14:01.084,1.35136,1.35167,1.25,1.69
2011.03.11 19:14:01.524,1.35133,1.3516,1.25,1.13
2011.03.11 19:14:01.743,1.35127,1.35157,3.58,1.13
2011.03.11 19:14:04.323,1.35128,1.35157,1.25,1.32
2011.03.11 19:14:04.545,1.35128,1.35157,1.63,1.32
2011.03.11 19:14:05.092,1.3513,1.35157,1.63,1.32
2011.03.11 19:14:13.612,1.3513,1.3516,1.25,1.69
2011.03.11 19:14:19.543,1.3513,1.3516,1.25,1.69
2011.03.11 19:14:19.872,1.35127,1.35157,1.25,1.69
2011.03.11 19:14:19.982,1.35127,1.35157,1.25,1.69
2011.03.11 19:14:20.750,1.35127,1.35157,1.25,1.69
2011.03.11 19:14:32.114,1.35127,1.35154,1.25,1.50
2011.03.11 19:14:32.444,1.35127,1.35157,1.25,1.69
2011.03.11 19:14:32.772,1.35127,1.35157,1.25,1.69
2011.03.11 19:14:34.222,1.35127,1.35157,1.25,1.69
2011.03.11 19:14:38.622,1.35127,1.35157,1.25,2.44
2011.03.11 19:14:40.027,1.35127,1.35157,3.88,2.82
2011.03.11 19:14:40.364,1.35128,1.35152,1.25,1.69
2011.03.11 19:14:40.478,1.35126,1.35151,2.00,1.69
2011.03.11 19:14:43.767,1.35124,1.35151,1.25,1.69
2011.03.11 19:14:44.723,1.35125,1.35151,1.25,1.69
2011.03.11 19:14:45.055,1.35125,1.35151,1.25,2.07
2011.03.11 19:14:45.273,1.35125,1.35151,1.25,2.07
2011.03.11 19:14:45.823,1.35125,1.35151,1.25,2.07
2011.03.11 19:14:47.033,1.35125,1.35151,2.00,2.07
2011.03.11 19:14:47.144,1.35125,1.35149,2.00,1.69
2011.03.11 19:14:47.376,1.35118,1.35143,1.25,1.69
2011.03.11 19:14:47.606,1.35118,1.35143,1.25,1.69
2011.03.11 19:14:48.054,1.35117,1.35143,1.25,1.69
2011.03.11 19:14:49.278,1.35117,1.35143,1.25,1.69
2011.03.11 19:14:50.637,1.35119,1.35148,1.81,1.50
2011.03.11 19:14:50.975,1.3512,1.35144,1.25,1.69
2011.03.11 19:14:51.552,1.3512,1.35144,1.25,1.69
2011.03.11 19:14:52.107,1.3512,1.3514,1.25,1.69
2011.03.11 19:14:52.334,1.3512,1.35143,1.25,1.69
2011.03.11 19:14:52.882,1.3512,1.35144,1.25,1.32
2011.03.11 19:14:54.954,1.3512,1.35144,1.25,1.13
2011.03.11 19:14:55.503,1.35119,1.35145,1.25,1.13
2011.03.11 19:14:56.702,1.35117,1.35145,1.25,1.13
2011.03.11 19:14:58.143,1.35119,1.35145,1.25,1.13
2011.03.11 19:14:59.863,1.3512,1.35144,1.25,1.13
2011.03.11 19:15:05.213,1.3512,1.35149,1.25,1.13
2011.03.11 19:15:08.193,1.3512,1.35149,1.25,1.13
2011.03.11 19:15:08.795,1.3512,1.35151,1.25,1.50
2011.03.11 19:15:09.123,1.3512,1.35149,1.25,1.13
2011.03.11 19:15:11.462,1.35118,1.35148,1.25,1.50
2011.03.11 19:15:17.804,1.35121,1.35152,1.25,2.44
2011.03.11 19:15:18.025,1.35119,1.35151,1.63,1.69
2011.03.11 19:15:18.464,1.35118,1.35149,1.25,1.50
2011.03.11 19:15:19.402,1.35116,1.35146,2.00,1.50
2011.03.11 19:15:19.845,1.35108,1.35137,2.75,1.50
2011.03.11 19:15:19.952,1.35108,1.35137,2.00,1.50
2011.03.11 19:15:21.754,1.35109,1.35137,1.25,1.50
2011.03.11 19:15:22.723,1.35111,1.3514,1.63,1.50
2011.03.11 19:15:23.304,1.35111,1.3514,1.25,1.50
2011.03.11 19:15:23.865,1.35111,1.3514,1.25,1.50
2011.03.11 19:15:24.372,1.35111,1.3514,1.25,1.50
2011.03.11 19:15:25.233,1.35111,1.3514,1.25,1.50
2011.03.11 19:15:29.323,1.35111,1.3514,2.00,1.50
2011.03.11 19:15:32.126,1.35112,1.3514,1.06,1.50
2011.03.11 19:15:32.246,1.35118,1.35142,1.63,1.50
2011.03.11 19:15:32.761,1.35124,1.35154,1.81,1.50
2011.03.11 19:15:32.998,1.35125,1.35156,1.63,1.50
2011.03.11 19:15:38.223,1.35127,1.35156,1.25,1.50
2011.03.11 19:15:38.444,1.35114,1.35144,1.63,2.44
2011.03.11 19:15:38.664,1.35113,1.35136,1.25,1.69
2011.03.11 19:15:39.564,1.35113,1.35142,1.25,1.32
2011.03.11 19:15:49.032,1.35113,1.35141,1.25,1.32
2011.03.11 19:15:49.823,1.35113,1.35141,1.25,1.32
2011.03.11 19:15:51.274,1.35102,1.3513,1.25,1.13
2011.03.11 19:15:51.495,1.35104,1.35132,1.50,2.25
2011.03.11 19:15:51.604,1.35106,1.35132,1.25,1.50
2011.03.11 19:15:55.085,1.35107,1.35136,1.25,1.69
2011.03.11 19:15:55.304,1.35107,1.35136,1.25,1.69
2011.03.11 19:15:57.383,1.35107,1.35136,1.25,1.69
2011.03.11 19:15:57.902,1.35107,1.35136,1.25,1.69
2011.03.11 19:15:58.266,1.35107,1.35136,1.25,1.69
2011.03.11 19:15:58.496,1.35107,1.35133,1.25,1.13
2011.03.11 19:15:59.041,1.3511,1.35136,1.25,1.13
2011.03.11 19:15:59.598,1.35106,1.35133,2.00,1.13
2011.03.11 19:16:00.154,1.35107,1.35131,1.25,1.13
2011.03.11 19:16:00.714,1.35107,1.35134,1.25,1.13
2011.03.11 19:16:02.353,1.35106,1.35132,2.00,1.13
2011.03.11 19:16:03.223,1.35107,1.35132,1.25,1.13
2011.03.11 19:16:03.773,1.35106,1.35132,2.00,1.13
2011.03.11 19:16:04.652,1.35106,1.35131,2.00,1.13
2011.03.11 19:16:05.203,1.35107,1.35131,1.25,1.13
2011.03.11 19:16:05.767,1.35107,1.35134,1.25,1.13
2011.03.11 19:16:06.323,1.35107,1.35131,1.25,1.13
2011.03.11 19:16:06.913,1.35107,1.35131,2.00,1.13
2011.03.11 19:16:08.393,1.35107,1.35131,2.00,1.13
2011.03.11 19:16:10.043,1.35107,1.35134,2.00,1.13
2011.03.11 19:16:10.976,1.35107,1.35134,2.00,1.13
2011.03.11 19:16:11.313,1.3511,1.35134,1.25,1.13
2011.03.11 19:16:11.969,1.35108,1.35134,1.25,1.13
2011.03.11 19:16:12.306,1.35108,1.35134,1.25,1.13
2011.03.11 19:16:12.912,1.35108,1.35134,1.25,1.13
2011.03.11 19:16:15.962,1.35108,1.35135,1.25,1.13
2011.03.11 19:16:16.563,1.35108,1.35135,1.25,1.13
2011.03.11 19:16:17.724,1.35102,1.35128,1.25,1.13
2011.03.11 19:16:17.833,1.35101,1.35128,1.25,1.13
2011.03.11 19:16:17.943,1.351,1.35128,1.25,1.13
2011.03.11 19:16:18.672,1.351,1.35128,1.25,1.13
2011.03.11 19:16:19.222,1.351,1.35129,1.25,1.13
2011.03.11 19:16:19.965,1.35103,1.35129,1.13,1.13
2011.03.11 19:16:20.185,1.35105,1.35131,1.50,1.50
2011.03.11 19:16:20.897,1.35106,1.35132,1.25,1.13
2011.03.11 19:16:22.485,1.35107,1.35133,2.19,1.13
2011.03.11 19:16:27.237,1.35117,1.35142,1.25,1.50
2011.03.11 19:16:27.464,1.35119,1.35145,1.25,2.25
2011.03.11 19:16:27.683,1.3512,1.35145,1.25,1.50
2011.03.11 19:16:27.795,1.3512,1.35148,1.25,1.32
2011.03.11 19:16:28.173,1.35121,1.35148,1.25,1.32
2011.03.11 19:16:28.514,1.35123,1.35148,1.25,1.32
2011.03.11 19:16:32.865,1.35123,1.35149,1.25,1.32
2011.03.11 19:16:33.200,1.35124,1.3515,2.56,1.13
2011.03.11 19:16:33.314,1.35127,1.3515,1.25,1.13
2011.03.11 19:16:34.085,1.3513,1.35151,1.44,1.13
2011.03.11 19:16:36.067,1.35134,1.35158,2.19,1.13
2011.03.11 19:16:36.186,1.35134,1.35161,2.00,1.69
2011.03.11 19:16:36.304,1.35137,1.35165,2.19,1.13
2011.03.11 19:16:36.857,1.35142,1.35168,1.69,1.50
2011.03.11 19:16:37.085,1.35143,1.35171,1.44,1.13
2011.03.11 19:16:37.633,1.35144,1.35171,2.00,1.13
2011.03.11 19:16:40.524,1.35145,1.35172,4.06,1.88
2011.03.11 19:16:40.746,1.35149,1.35172,1.50,1.50
2011.03.11 19:16:41.192,1.35151,1.35176,1.50,1.13
2011.03.11 19:16:41.744,1.35148,1.35177,2.00,1.32
2011.03.11 19:16:42.884,1.35148,1.35176,2.00,1.13
2011.03.11 19:16:43.103,1.35149,1.35177,2.00,1.32
2011.03.11 19:16:43.216,1.35151,1.35177,1.69,1.13
2011.03.11 19:16:43.823,1.35152,1.35181,1.81,2.07
2011.03.11 19:16:44.218,1.35152,1.35181,2.82,1.32
2011.03.11 19:16:44.556,1.35176,1.35202,1.44,1.13
2011.03.11 19:16:44.678,1.35176,1.35202,1.25,3.64
2011.03.11 19:16:44.798,1.35173,1.35189,1.50,2.07
2011.03.11 19:16:45.136,1.35163,1.35185,1.58,2.07
2011.03.11 19:16:45.440,1.35161,1.3518,1.58,1.50
2011.03.11 19:16:45.560,1.35154,1.3518,3.01,1.50
2011.03.11 19:16:46.113,1.35152,1.3518,2.00,1.50
2011.03.11 19:16:46.448,1.35149,1.35176,2.00,1.13
2011.03.11 19:16:46.674,1.35149,1.3518,2.00,1.13
2011.03.11 19:16:47.177,1.35155,1.35178,1.25,1.69
2011.03.11 19:16:47.298,1.35153,1.35182,1.25,1.50
2011.03.11 19:16:47.525,1.35153,1.35184,1.25,1.50
2011.03.11 19:16:48.404,1.35152,1.35183,1.25,1.13
2011.03.11 19:16:48.955,1.35152,1.3518,1.25,1.50
2011.03.11 19:16:49.284,1.35151,1.35177,1.25,1.13
2011.03.11 19:16:49.395,1.35149,1.35177,1.25,1.13
2011.03.11 19:16:49.508,1.35149,1.3518,2.00,2.44
2011.03.11 19:16:49.627,1.35148,1.35175,1.25,1.13
2011.03.11 19:16:50.184,1.35148,1.35175,2.94,1.13
2011.03.11 19:16:50.625,1.3515,1.35174,1.44,1.13
2011.03.11 19:16:51.098,1.35151,1.35179,1.50,1.50
2011.03.11 19:16:53.704,1.35152,1.35181,1.25,1.13
2011.03.11 19:16:54.230,1.35151,1.3518,1.25,1.13
2011.03.11 19:16:54.677,1.35146,1.35172,3.58,1.13
2011.03.11 19:16:54.798,1.35143,1.35172,1.25,1.88
2011.03.11 19:16:56.334,1.35143,1.35172,1.25,1.50
2011.03.11 19:16:58.494,1.35143,1.35172,1.25,1.50
2011.03.11 19:16:59.069,1.35143,1.35172,1.25,1.50
2011.03.11 19:16:59.653,1.35144,1.35172,1.50,1.50
2011.03.11 19:17:00.202,1.35143,1.35172,3.50,1.50
2011.03.11 19:17:01.555,1.35145,1.35175,1.25,1.69
2011.03.11 19:17:03.913,1.35144,1.35172,1.50,1.50
2011.03.11 19:17:04.825,1.35144,1.35172,2.25,1.50
2011.03.11 19:17:05.374,1.35143,1.35172,2.00,1.50
2011.03.11 19:17:06.805,1.35141,1.35172,2.00,2.44
2011.03.11 19:17:07.134,1.3514,1.35167,1.25,1.50
2011.03.11 19:17:07.685,1.35138,1.35167,2.00,1.50
2011.03.11 19:17:11.083,1.3514,1.35167,1.25,1.50
2011.03.11 19:17:11.303,1.35141,1.35169,2.08,2.44
2011.03.11 19:17:11.764,1.3514,1.35169,1.44,1.69
2011.03.11 19:17:12.301,1.3514,1.35167,1.25,1.69
2011.03.11 19:17:13.186,1.35143,1.35167,1.25,1.69
2011.03.11 19:17:13.743,1.35143,1.35171,1.25,1.69
2011.03.11 19:17:13.964,1.35143,1.35172,1.25,2.44
2011.03.11 19:17:14.404,1.35151,1.35176,1.25,2.82
2011.03.11 19:17:14.627,1.35153,1.35179,1.63,1.69
2011.03.11 19:17:14.747,1.35155,1.35181,2.00,1.02
2011.03.11 19:17:14.865,1.3516,1.35188,1.44,1.84
2011.03.11 19:17:14.975,1.3516,1.35188,1.44,1.84
2011.03.11 19:17:15.415,1.35161,1.35189,1.25,1.69
2011.03.11 19:17:15.637,1.35163,1.35194,2.19,1.50
2011.03.11 19:17:16.202,1.35164,1.35196,2.56,1.69
2011.03.11 19:17:16.318,1.35167,1.35196,1.25,1.69
2011.03.11 19:17:17.860,1.35163,1.35192,1.25,1.69
2011.03.11 19:17:18.086,1.35163,1.35194,1.81,1.50
2011.03.11 19:17:18.538,1.35168,1.35196,1.06,1.50
2011.03.11 19:17:18.658,1.35171,1.35199,1.25,1.84
2011.03.11 19:17:18.776,1.3517,1.35194,1.25,1.50
2011.03.11 19:17:18.895,1.35168,1.35194,1.25,1.50
2011.03.11 19:17:19.665,1.35168,1.35194,1.25,1.50
2011.03.11 19:17:19.997,1.35167,1.35195,1.13,1.50
2011.03.11 19:17:20.114,1.3517,1.35197,2.08,1.65
2011.03.11 19:17:20.664,1.35169,1.35195,1.25,1.69
2011.03.11 19:17:21.496,1.35169,1.35194,1.25,1.69
2011.03.11 19:17:21.617,1.35165,1.35194,1.25,1.69
2011.03.11 19:17:21.737,1.35163,1.35189,1.25,1.50
2011.03.11 19:17:21.854,1.35163,1.35189,1.25,1.50
2011.03.11 19:17:22.303,1.35163,1.35189,1.25,1.50
2011.03.11 19:17:22.883,1.35163,1.35189,1.25,1.50
2011.03.11 19:17:23.324,1.35163,1.3519,1.63,1.69
2011.03.11 19:17:23.435,1.35166,1.3519,1.25,1.69
2011.03.11 19:17:23.985,1.35166,1.35192,1.25,1.50
2011.03.11 19:17:24.207,1.35166,1.35196,2.83,1.50
2011.03.11 19:17:24.542,1.3517,1.35201,1.25,1.69
2011.03.11 19:17:25.264,1.3517,1.35191,1.25,1.50
2011.03.11 19:17:25.595,1.35158,1.35178,1.25,1.50
2011.03.11 19:17:25.925,1.35147,1.35176,1.25,1.50
2011.03.11 19:17:26.035,1.35147,1.35176,1.25,1.50
2011.03.11 19:17:26.145,1.35149,1.3518,1.25,2.63
2011.03.11 19:17:26.364,1.35153,1.35182,1.25,2.33
2011.03.11 19:17:27.045,1.3515,1.35177,1.25,1.69
2011.03.11 19:17:27.715,1.35154,1.35177,1.25,1.69
2011.03.11 19:17:27.823,1.35154,1.35181,2.00,1.69
2011.03.11 19:17:28.434,1.35155,1.35182,1.25,2.07
2011.03.11 19:17:28.983,1.35154,1.35182,2.00,1.32
2011.03.11 19:17:29.314,1.35155,1.35182,1.25,1.32
2011.03.11 19:17:29.535,1.35155,1.35184,1.25,2.07
2011.03.11 19:17:29.756,1.35159,1.35189,2.00,1.69
2011.03.11 19:17:29.875,1.35161,1.35189,1.13,1.69
2011.03.11 19:17:30.206,1.35167,1.35198,1.63,2.44
2011.03.11 19:17:30.532,1.35167,1.35198,1.63,2.44
2011.03.11 19:17:31.096,1.3517,1.35198,1.25,2.44
2011.03.11 19:17:31.426,1.3517,1.35192,1.25,1.50
2011.03.11 19:17:31.549,1.35165,1.35191,1.25,1.69
2011.03.11 19:17:31.666,1.35163,1.35191,1.25,2.44
2011.03.11 19:17:31.897,1.35161,1.35191,1.50,3.19
2011.03.11 19:17:32.015,1.35158,1.35183,1.25,1.69
2011.03.11 19:17:32.455,1.3516,1.35187,1.13,1.50
2011.03.11 19:17:32.566,1.3516,1.35188,1.63,1.69
2011.03.11 19:17:33.125,1.35164,1.35191,1.25,1.69
2011.03.11 19:17:33.458,1.35162,1.35191,1.25,1.69
2011.03.11 19:17:34.455,1.35161,1.35184,1.25,1.69
2011.03.11 19:17:35.052,1.35163,1.35188,1.25,1.69
2011.03.11 19:17:35.606,1.35162,1.35193,1.25,3.19
2011.03.11 19:17:36.163,1.35162,1.35189,1.25,1.69
2011.03.11 19:17:36.973,1.35161,1.35189,1.25,1.69
2011.03.11 19:17:37.533,1.35162,1.35189,1.25,1.69
2011.03.11 19:17:38.364,1.35161,1.35189,1.25,1.69
2011.03.11 19:17:38.915,1.35161,1.35188,1.25,1.69
2011.03.11 19:17:39.023,1.35161,1.35188,1.25,1.69
2011.03.11 19:17:39.246,1.35158,1.35184,2.00,1.69
2011.03.11 19:17:39.806,1.35159,1.35186,1.25,1.69
2011.03.11 19:17:40.349,1.35161,1.35187,1.25,1.69
2011.03.11 19:17:42.174,1.35161,1.35189,1.25,1.69
2011.03.11 19:17:42.393,1.35161,1.35189,1.25,1.69
2011.03.11 19:17:43.384,1.35163,1.35192,1.25,1.69
2011.03.11 19:17:44.154,1.35164,1.35192,1.25,2.44
2011.03.11 19:17:44.484,1.35164,1.35187,1.50,1.88
2011.03.11 19:17:44.593,1.35159,1.35181,2.25,1.50
2011.03.11 19:17:44.706,1.35152,1.35181,2.75,1.50
2011.03.11 19:17:44.827,1.35153,1.35181,2.00,1.50
2011.03.11 19:17:45.695,1.35154,1.35181,1.25,1.69
2011.03.11 19:17:46.364,1.35153,1.35181,2.94,1.69
2011.03.11 19:17:47.838,1.35155,1.35183,1.25,1.69
2011.03.11 19:17:48.176,1.35154,1.35184,1.25,1.50
2011.03.11 19:17:48.294,1.35155,1.35184,1.25,1.50
2011.03.11 19:17:49.854,1.35154,1.35185,2.00,2.25
2011.03.11 19:17:51.942,1.35155,1.35185,1.25,1.50
2011.03.11 19:17:52.836,1.35156,1.35185,2.00,1.50
2011.03.11 19:17:54.160,1.35156,1.35185,2.00,1.50
2011.03.11 19:17:54.800,1.35156,1.35185,2.00,1.50
2011.03.11 19:17:55.243,1.35159,1.35189,2.00,1.50
2011.03.11 19:17:55.465,1.35159,1.35189,1.25,1.50
2011.03.11 19:17:56.014,1.35159,1.35189,1.25,1.50
2011.03.11 19:17:56.235,1.35159,1.35189,1.25,2.25
2011.03.11 19:17:56.456,1.35156,1.35186,2.94,1.50
2011.03.11 19:17:57.003,1.35157,1.35186,2.19,1.50
2011.03.11 19:17:58.105,1.35159,1.35186,1.25,1.50
2011.03.11 19:17:58.325,1.35159,1.3519,2.75,1.50
2011.03.11 19:17:59.339,1.35159,1.3519,1.25,2.63
2011.03.11 19:18:00.283,1.35159,1.35186,1.25,1.50
2011.03.11 19:18:02.363,1.35157,1.35186,1.44,1.50
2011.03.11 19:18:02.943,1.35158,1.35186,1.44,1.50
2011.03.11 19:18:03.276,1.3516,1.35186,1.50,1.50
2011.03.11 19:18:03.613,1.35161,1.3519,1.25,1.50
2011.03.11 19:18:07.844,1.35161,1.3519,1.25,1.50
2011.03.11 19:18:08.064,1.35163,1.35193,1.44,1.50
2011.03.11 19:18:08.503,1.35163,1.35193,1.44,1.50
2011.03.11 19:18:08.833,1.35163,1.35192,1.25,1.50
2011.03.11 19:18:09.714,1.35163,1.35191,1.25,1.50
2011.03.11 19:18:10.384,1.3516,1.35189,1.25,1.50
2011.03.11 19:18:13.765,1.3516,1.35189,1.25,1.50
2011.03.11 19:18:14.476,1.35164,1.35191,1.25,1.50
2011.03.11 19:18:14.814,1.35164,1.35191,1.25,1.50
2011.03.11 19:18:14.926,1.35159,1.35191,1.25,2.25
2011.03.11 19:18:19.374,1.3516,1.35188,1.25,1.50
2011.03.11 19:18:19.902,1.3516,1.35188,1.25,1.50
2011.03.11 19:18:22.608,1.3516,1.35188,1.25,1.50
2011.03.11 19:18:23.163,1.3516,1.35188,1.25,1.50
2011.03.11 19:18:23.954,1.3516,1.35188,1.25,1.50
2011.03.11 19:18:24.396,1.3516,1.35188,1.25,1.50
2011.03.11 19:18:24.624,1.35157,1.35189,1.25,2.25
2011.03.11 19:18:26.494,1.35157,1.35185,1.25,1.69
2011.03.11 19:18:26.933,1.35157,1.35184,1.25,3.19
2011.03.11 19:18:30.823,1.35157,1.35183,1.25,1.69
2011.03.11 19:18:30.960,1.35157,1.35183,2.00,1.69
2011.03.11 19:18:31.185,1.35157,1.35184,1.25,1.69
2011.03.11 19:18:31.514,1.3515,1.35176,2.00,1.69
2011.03.11 19:18:31.624,1.35146,1.35172,1.25,1.69
2011.03.11 19:18:31.846,1.35145,1.35169,2.08,1.69
2011.03.11 19:18:32.074,1.35145,1.35172,1.25,1.69
2011.03.11 19:18:32.406,1.35145,1.35174,1.25,2.44
2011.03.11 19:18:32.523,1.35145,1.35174,1.25,1.69
2011.03.11 19:18:32.743,1.35148,1.35176,1.25,1.69
2011.03.11 19:18:33.105,1.35147,1.35171,1.25,1.69
2011.03.11 19:18:34.556,1.35142,1.35166,1.25,1.69
2011.03.11 19:18:35.004,1.35141,1.35166,1.25,1.69
2011.03.11 19:18:35.225,1.35141,1.35169,1.25,1.69
2011.03.11 19:18:35.335,1.35142,1.3517,1.13,1.69
2011.03.11 19:18:35.444,1.35143,1.3517,2.00,1.69
2011.03.11 19:18:37.436,1.35143,1.3517,1.25,1.69
2011.03.11 19:18:38.767,1.35143,1.3517,1.25,2.82
2011.03.11 19:18:39.105,1.35138,1.35165,2.00,1.69
2011.03.11 19:18:39.653,1.35138,1.35165,1.25,2.07
2011.03.11 19:18:40.226,1.35138,1.35165,1.25,1.13
2011.03.11 19:18:41.005,1.35138,1.35165,1.25,1.13
2011.03.11 19:18:41.336,1.35135,1.35162,1.25,2.44
2011.03.11 19:18:41.676,1.35131,1.35161,1.44,1.32
2011.03.11 19:18:41.904,1.3513,1.35155,2.00,1.69
2011.03.11 19:18:43.094,1.3513,1.35155,1.25,1.69
2011.03.11 19:18:43.206,1.35132,1.35158,1.44,1.88
2011.03.11 19:18:43.744,1.35132,1.35158,1.44,1.88
2011.03.11 19:18:43.853,1.35132,1.35158,1.44,1.50
2011.03.11 19:18:43.963,1.3513,1.35158,1.44,1.50
2011.03.11 19:18:44.296,1.35126,1.35151,1.50,1.13
2011.03.11 19:18:44.921,1.35125,1.3515,1.25,1.13
2011.03.11 19:18:46.683,1.35125,1.35151,1.25,1.13
2011.03.11 19:18:47.233,1.35125,1.35151,1.25,1.13
2011.03.11 19:18:48.454,1.35122,1.35151,1.25,1.13
2011.03.11 19:18:48.893,1.35122,1.3515,1.25,2.25
2011.03.11 19:18:49.113,1.35119,1.35146,1.44,1.50
2011.03.11 19:18:49.444,1.35119,1.35146,2.19,1.50
2011.03.11 19:18:49.773,1.35121,1.3515,1.25,3.00
2011.03.11 19:18:51.433,1.35121,1.3515,1.25,1.50
2011.03.11 19:18:51.873,1.35121,1.3515,1.25,2.25
2011.03.11 19:18:52.429,1.35119,1.35146,1.25,2.07
2011.03.11 19:18:52.657,1.35119,1.35143,1.25,1.13
2011.03.11 19:18:53.102,1.35115,1.35143,1.25,1.13
2011.03.11 19:18:53.614,1.35115,1.35143,1.25,1.13
2011.03.11 19:18:54.165,1.35114,1.35142,1.25,1.69
2011.03.11 19:18:54.716,1.35113,1.35137,1.50,1.13
2011.03.11 19:18:55.168,1.3511,1.35134,1.25,1.69
2011.03.11 19:18:55.505,1.3511,1.35135,1.25,1.32
2011.03.11 19:18:56.712,1.3511,1.35135,1.25,1.32
2011.03.11 19:18:56.934,1.3511,1.35136,1.25,2.07
2011.03.11 19:18:59.047,1.35107,1.35134,2.00,1.69
2011.03.11 19:19:00.715,1.3511,1.35136,1.25,1.32
2011.03.11 19:19:00.935,1.3511,1.35135,1.25,1.32
2011.03.11 19:19:01.156,1.3511,1.35135,1.25,1.32
2011.03.11 19:19:02.960,1.3511,1.35136,1.25,2.07
2011.03.11 19:19:03.296,1.3511,1.35137,1.25,1.32
2011.03.11 19:19:04.406,1.3511,1.35137,1.25,1.32
2011.03.11 19:19:04.845,1.3511,1.35136,1.25,1.32
2011.03.11 19:19:05.423,1.35112,1.35136,1.25,1.32
2011.03.11 19:19:08.885,1.3511,1.35136,1.25,2.07
2011.03.11 19:19:09.499,1.3511,1.35136,1.25,2.82
2011.03.11 19:19:14.653,1.3511,1.35136,1.25,2.82
2011.03.11 19:19:16.909,1.3511,1.35136,1.25,2.07
2011.03.11 19:19:18.663,1.3511,1.35136,1.25,2.82
2011.03.11 19:19:19.053,1.3511,1.35136,1.25,2.07
2011.03.11 19:19:19.163,1.3511,1.35136,1.25,2.07
2011.03.11 19:19:19.276,1.3511,1.35134,1.25,1.32
2011.03.11 19:19:19.504,1.35107,1.35134,1.25,3.57
2011.03.11 19:19:20.101,1.35107,1.35134,1.25,2.82
2011.03.11 19:19:20.432,1.35107,1.35133,1.25,1.69
2011.03.11 19:19:20.866,1.35107,1.35134,1.25,2.82
2011.03.11 19:19:23.113,1.35107,1.35134,1.25,2.07
2011.03.11 19:19:23.228,1.35107,1.35134,1.25,2.07
2011.03.11 19:19:23.343,1.35107,1.35134,1.25,2.07
2011.03.11 19:19:27.705,1.3511,1.35134,1.69,1.50
2011.03.11 19:19:27.814,1.3511,1.35134,1.69,1.50
2011.03.11 19:19:28.362,1.35107,1.35135,1.25,1.13
2011.03.11 19:19:30.197,1.35113,1.35143,1.50,1.50
2011.03.11 19:19:30.425,1.35115,1.35144,2.25,1.50
2011.03.11 19:19:30.643,1.35117,1.35148,1.25,1.88
2011.03.11 19:19:31.737,1.35117,1.35146,1.44,1.50
2011.03.11 19:19:31.966,1.35117,1.35147,2.19,1.13
2011.03.11 19:19:32.707,1.35117,1.35147,2.19,1.88
2011.03.11 19:19:34.634,1.35117,1.35148,2.19,2.63
2011.03.11 19:19:34.965,1.35123,1.35153,1.13,1.50
2011.03.11 19:19:35.074,1.35123,1.35155,1.13,1.88
2011.03.11 19:19:35.403,1.35126,1.35155,1.25,1.88
2011.03.11 19:19:35.625,1.35129,1.35155,2.25,1.88
2011.03.11 19:19:35.735,1.35128,1.35155,3.45,1.88
2011.03.11 19:19:35.846,1.35129,1.35157,1.63,1.50
2011.03.11 19:19:36.074,1.35132,1.35164,1.13,1.88
2011.03.11 19:19:36.623,1.35136,1.35164,1.25,1.88
2011.03.11 19:19:36.954,1.35136,1.35164,1.25,1.13
2011.03.11 19:19:37.505,1.35141,1.35168,1.25,1.50
2011.03.11 19:19:38.108,1.35137,1.35164,1.25,1.13
2011.03.11 19:19:38.334,1.35137,1.35164,1.25,1.13
2011.03.11 19:19:38.667,1.35141,1.35166,1.69,1.50
2011.03.11 19:19:39.163,1.35142,1.35173,1.81,1.50
2011.03.11 19:19:39.282,1.35146,1.35175,1.25,1.88
2011.03.11 19:19:39.504,1.35146,1.35175,1.25,1.88
2011.03.11 19:19:39.727,1.35149,1.35176,1.25,1.13
2011.03.11 19:19:39.845,1.35149,1.35176,1.25,2.82
2011.03.11 19:19:41.062,1.35147,1.35176,1.13,1.50
2011.03.11 19:19:41.510,1.35143,1.35174,1.25,1.50
2011.03.11 19:19:41.625,1.35143,1.35176,1.25,2.25
2011.03.11 19:19:41.844,1.35146,1.35174,1.25,1.50
2011.03.11 19:19:42.164,1.35143,1.35174,1.25,1.50
2011.03.11 19:19:43.264,1.3515,1.35175,1.50,1.88
2011.03.11 19:19:44.036,1.35149,1.35175,2.25,2.25
2011.03.11 19:19:44.501,1.35149,1.35173,1.50,1.69
2011.03.11 19:19:44.624,1.3514,1.35173,1.25,3.19
2011.03.11 19:19:44.953,1.35144,1.35173,1.25,2.25
2011.03.11 19:19:45.734,1.35144,1.35173,1.25,1.50
2011.03.11 19:19:46.068,1.35154,1.35179,1.44,2.33
2011.03.11 19:19:46.295,1.35154,1.35179,1.25,1.58
2011.03.11 19:19:46.626,1.35154,1.35184,1.25,1.69
2011.03.11 19:19:46.734,1.35152,1.35182,1.44,1.50
2011.03.11 19:19:47.242,1.35152,1.35182,2.19,2.25
2011.03.11 19:19:48.284,1.35152,1.35181,2.00,1.69
2011.03.11 19:19:48.873,1.35152,1.35181,1.25,1.69
2011.03.11 19:19:49.104,1.35152,1.35182,1.25,1.50
2011.03.11 19:19:50.403,1.35152,1.35182,1.25,1.50
2011.03.11 19:19:51.063,1.35155,1.35184,2.19,1.50
2011.03.11 19:19:51.614,1.35155,1.35182,1.69,1.50
2011.03.11 19:19:52.066,1.35153,1.35182,1.25,1.50
2011.03.11 19:19:52.854,1.35153,1.35183,1.25,1.50
2011.03.11 19:19:54.825,1.35153,1.35181,1.25,1.50
2011.03.11 19:19:55.352,1.35153,1.3518,1.25,1.69
2011.03.11 19:19:55.465,1.35153,1.3518,1.25,1.69
2011.03.11 19:19:55.586,1.35153,1.35178,1.25,1.32
2011.03.11 19:19:55.708,1.35146,1.35176,1.69,1.13
2011.03.11 19:19:55.825,1.35145,1.35176,1.69,1.13
2011.03.11 19:19:56.053,1.35144,1.35175,2.00,1.69
2011.03.11 19:19:56.382,1.35145,1.35174,1.25,1.69
2011.03.11 19:19:57.471,1.35145,1.35174,1.25,1.69
2011.03.11 19:19:57.696,1.35145,1.35171,1.25,2.82
2011.03.11 19:19:57.923,1.35142,1.35171,1.44,1.13
2011.03.11 19:19:58.453,1.35147,1.35174,1.25,2.44
2011.03.11 19:19:58.563,1.35147,1.35176,1.25,1.69
2011.03.11 19:20:00.605,1.35147,1.35176,1.25,1.50
2011.03.11 19:20:00.834,1.3515,1.35181,2.00,1.69
2011.03.11 19:20:01.279,1.35156,1.35185,1.44,1.50
2011.03.11 19:20:01.398,1.35156,1.35186,1.44,2.25
2011.03.11 19:20:01.519,1.35156,1.35187,1.44,3.94
2011.03.11 19:20:01.747,1.35156,1.35186,1.44,2.25
2011.03.11 19:20:02.306,1.35155,1.35184,1.44,1.50
2011.03.11 19:20:02.422,1.35155,1.35184,1.44,1.50
2011.03.11 19:20:02.643,1.35155,1.35184,1.44,2.25
2011.03.11 19:20:02.754,1.35155,1.35184,1.25,3.19
2011.03.11 19:20:02.973,1.35151,1.35177,1.50,1.69
2011.03.11 19:20:03.194,1.35149,1.35176,1.25,1.32
2011.03.11 19:20:03.416,1.35143,1.35172,1.25,1.69
2011.03.11 19:20:03.959,1.35143,1.35172,1.25,1.69
2011.03.11 19:20:04.073,1.35141,1.3517,1.50,1.50
2011.03.11 19:20:04.182,1.3514,1.3517,2.83,1.50
2011.03.11 19:20:05.172,1.3514,1.3517,2.83,1.50
2011.03.11 19:20:05.943,1.3514,1.3517,1.25,1.50
2011.03.11 19:20:08.302,1.35141,1.35169,2.33,1.50
2011.03.11 19:20:08.852,1.3514,1.3517,1.25,1.50
2011.03.11 19:20:09.183,1.3514,1.35169,1.25,1.50
2011.03.11 19:20:09.402,1.35139,1.35167,2.00,1.50
2011.03.11 19:20:11.432,1.35138,1.35168,1.25,1.69
2011.03.11 19:20:13.382,1.35137,1.35167,1.25,1.50
2011.03.11 19:20:15.162,1.35137,1.35168,1.25,1.50
2011.03.11 19:20:15.382,1.35139,1.35169,1.25,1.50
2011.03.11 19:20:17.423,1.35139,1.3517,2.83,1.13
2011.03.11 19:20:17.975,1.35139,1.3517,2.83,1.13
2011.03.11 19:20:18.542,1.35149,1.35179,1.50,2.25
2011.03.11 19:20:18.880,1.35149,1.35181,1.25,1.13
2011.03.11 19:20:18.996,1.35149,1.35181,1.25,1.13
2011.03.11 19:20:19.551,1.35152,1.35181,1.25,1.13
2011.03.11 19:20:19.702,1.35152,1.35181,1.25,1.13
2011.03.11 19:20:19.812,1.35149,1.3518,1.63,1.88
2011.03.11 19:20:20.371,1.35149,1.3518,1.25,1.50
2011.03.11 19:20:21.633,1.3515,1.3518,1.13,1.50
2011.03.11 19:20:21.745,1.35155,1.35184,2.00,1.50
2011.03.11 19:20:22.084,1.35154,1.35184,1.25,1.69
2011.03.11 19:20:22.413,1.35154,1.35186,1.25,1.50
2011.03.11 19:20:22.964,1.35158,1.35187,1.25,1.50
2011.03.11 19:20:23.293,1.35157,1.35185,1.25,1.50
2011.03.11 19:20:24.362,1.35158,1.35185,1.25,1.50
2011.03.11 19:20:25.134,1.35158,1.35188,1.25,2.63
2011.03.11 19:20:25.912,1.35158,1.35185,1.25,1.50
2011.03.11 19:20:28.594,1.35158,1.35188,1.25,1.88
2011.03.11 19:20:28.812,1.35158,1.35186,1.25,1.50
2011.03.11 19:20:30.837,1.35158,1.35187,1.25,1.50
2011.03.11 19:20:31.172,1.35158,1.35188,1.25,1.50
2011.03.11 19:20:35.852,1.35158,1.35188,1.25,1.50
2011.03.11 19:20:36.072,1.35158,1.35185,1.25,1.50
2011.03.11 19:20:37.333,1.35158,1.35186,1.25,1.50
2011.03.11 19:20:37.881,1.35158,1.35185,1.25,1.50
2011.03.11 19:20:38.634,1.35158,1.35188,1.25,1.88
2011.03.11 19:20:38.746,1.35162,1.35189,1.25,1.88
2011.03.11 19:20:38.864,1.35162,1.35189,1.25,1.50
2011.03.11 19:20:38.982,1.35162,1.35192,1.25,1.50
2011.03.11 19:20:39.423,1.35165,1.35196,1.25,1.88
2011.03.11 19:20:39.977,1.35161,1.35193,1.25,1.88
2011.03.11 19:20:40.450,1.35161,1.35191,2.00,1.13
2011.03.11 19:20:40.574,1.3517,1.35203,1.25,2.25
2011.03.11 19:20:41.231,1.35171,1.35201,1.25,2.25
2011.03.11 19:20:41.564,1.35183,1.35212,1.25,1.65
2011.03.11 19:20:41.783,1.35185,1.35212,1.25,1.50
2011.03.11 19:20:42.004,1.35183,1.35207,1.25,1.13
2011.03.11 19:20:42.224,1.35173,1.35204,1.25,1.50
2011.03.11 19:20:42.332,1.35173,1.35203,1.25,1.50
2011.03.11 19:20:42.776,1.35177,1.35206,1.25,2.25
2011.03.11 19:20:43.005,1.35184,1.35213,1.25,2.07
2011.03.11 19:20:43.123,1.35185,1.35214,1.25,2.44
2011.03.11 19:20:43.657,1.35187,1.35217,1.50,1.50
2011.03.11 19:20:43.882,1.35188,1.35218,1.25,1.50
2011.03.11 19:20:44.102,1.35188,1.35216,1.25,2.25
2011.03.11 19:20:44.654,1.35188,1.35218,1.25,1.50
2011.03.11 19:20:45.424,1.35188,1.35218,1.25,1.50
2011.03.11 19:20:46.502,1.35188,1.35218,1.25,1.50
2011.03.11 19:20:47.663,1.35188,1.35218,1.25,1.50
2011.03.11 19:20:47.995,1.35191,1.35219,1.25,1.50
2011.03.11 19:20:48.553,1.3519,1.3522,2.00,1.50
2011.03.11 19:20:49.924,1.35196,1.35225,1.25,1.50
2011.03.11 19:20:50.155,1.35196,1.35225,1.25,1.50
2011.03.11 19:20:50.386,1.35195,1.35225,1.25,1.50
2011.03.11 19:20:50.505,1.35194,1.3522,1.50,1.50
2011.03.11 19:20:50.734,1.35191,1.3522,1.25,1.50
2011.03.11 19:20:51.942,1.35191,1.3522,2.00,1.50
2011.03.11 19:20:53.322,1.35191,1.3522,2.00,1.50
2011.03.11 19:20:54.040,1.35191,1.3522,2.00,1.50
2011.03.11 19:20:54.822,1.35191,1.3522,1.25,1.50
2011.03.11 19:20:55.263,1.3519,1.3522,1.25,1.50
2011.03.11 19:20:55.592,1.35186,1.35215,2.19,1.50
2011.03.11 19:20:55.813,1.35193,1.35217,2.33,1.50
2011.03.11 19:20:55.925,1.35193,1.3522,2.33,1.50
2011.03.11 19:20:56.044,1.3519,1.3522,1.25,1.50
2011.03.11 19:20:56.263,1.35191,1.3522,1.69,1.50
2011.03.11 19:20:56.484,1.35191,1.35222,2.00,1.50
2011.03.11 19:20:56.702,1.35191,1.35222,1.25,2.25
2011.03.11 19:20:57.042,1.35192,1.35222,1.25,1.50
2011.03.11 19:20:57.377,1.35187,1.35219,2.38,2.25
2011.03.11 19:20:57.823,1.3519,1.35219,1.25,2.44
2011.03.11 19:20:59.962,1.35191,1.35219,2.00,1.50
2011.03.11 19:21:00.511,1.35191,1.35219,2.00,1.50
2011.03.11 19:21:02.183,1.3519,1.35216,1.25,1.69
2011.03.11 19:21:05.205,1.35183,1.3521,2.00,1.69
2011.03.11 19:21:05.765,1.35183,1.3521,1.25,1.69
2011.03.11 19:21:06.324,1.35183,1.3521,2.00,1.69
2011.03.11 19:21:07.204,1.35183,1.3521,1.25,1.69
2011.03.11 19:21:08.302,1.35183,1.3521,1.25,1.69
2011.03.11 19:21:10.412,1.35183,1.3521,1.25,1.69
2011.03.11 19:21:11.922,1.35182,1.35209,1.25,1.69
2011.03.11 19:21:12.032,1.3518,1.35209,1.44,1.69
2011.03.11 19:21:12.582,1.35182,1.35209,1.25,1.69
2011.03.11 19:21:12.693,1.35182,1.35208,1.25,1.69
2011.03.11 19:21:13.131,1.35182,1.35209,1.25,1.69
2011.03.11 19:21:13.485,1.35182,1.3521,1.44,1.50
2011.03.11 19:21:14.042,1.35182,1.35211,1.25,1.50
2011.03.11 19:21:14.493,1.35182,1.35214,2.00,1.50
2011.03.11 19:21:14.605,1.35185,1.35212,1.25,3.00
2011.03.11 19:21:14.944,1.35185,1.35214,1.50,2.44
2011.03.11 19:21:15.616,1.35187,1.35214,1.25,3.00
2011.03.11 19:21:15.952,1.35187,1.35212,1.25,1.50
2011.03.11 19:21:16.562,1.35183,1.35212,2.19,1.50
2011.03.11 19:21:17.113,1.35187,1.35214,1.25,3.19
2011.03.11 19:21:17.551,1.35187,1.35214,1.25,3.19
2011.03.11 19:21:18.653,1.35182,1.35214,1.81,2.44
2011.03.11 19:21:19.312,1.35187,1.35216,1.25,1.69
2011.03.11 19:21:19.973,1.35187,1.35217,2.19,2.44
2011.03.11 19:21:21.692,1.35187,1.35217,2.19,2.44
2011.03.11 19:21:23.574,1.35187,1.35214,1.25,1.69
2011.03.11 19:21:24.121,1.35187,1.35214,1.25,1.69
2011.03.11 19:21:24.232,1.35187,1.35214,1.25,1.69
2011.03.11 19:21:24.783,1.35186,1.35213,1.50,1.69
2011.03.11 19:21:25.447,1.35185,1.35214,1.44,1.69
2011.03.11 19:21:25.667,1.35185,1.35214,1.44,1.69
2011.03.11 19:21:27.322,1.35185,1.35214,1.44,2.44
2011.03.11 19:21:28.355,1.35185,1.35214,1.44,2.44
2011.03.11 19:21:28.882,1.35185,1.35214,1.44,1.69
2011.03.11 19:21:33.343,1.35185,1.35214,1.44,2.44
2011.03.11 19:21:36.624,1.35183,1.35212,1.69,1.69
2011.03.11 19:21:37.285,1.35182,1.3521,1.25,2.44
2011.03.11 19:21:37.734,1.35182,1.3521,1.25,1.69
2011.03.11 19:21:38.282,1.35182,1.3521,1.25,3.19
2011.03.11 19:21:38.503,1.3518,1.35207,1.25,1.69
2011.03.11 19:21:38.612,1.35177,1.35206,1.25,1.69
2011.03.11 19:21:41.733,1.35177,1.35206,1.25,1.69
2011.03.11 19:21:43.071,1.35177,1.35206,1.25,2.82
2011.03.11 19:21:43.840,1.35176,1.35204,1.69,1.50
2011.03.11 19:21:44.625,1.35176,1.35204,1.69,1.50
2011.03.11 19:21:44.964,1.3518,1.35212,1.88,1.69
2011.03.11 19:21:45.404,1.35182,1.35212,1.69,1.69
2011.03.11 19:21:46.282,1.35185,1.35212,1.25,1.69
2011.03.11 19:21:46.869,1.35182,1.35212,1.69,3.19
2011.03.11 19:21:48.061,1.35182,1.35212,1.69,2.44
2011.03.11 19:21:49.195,1.35182,1.35209,1.69,1.50
2011.03.11 19:21:49.426,1.35188,1.35212,1.69,1.50
2011.03.11 19:21:49.654,1.35188,1.35218,2.44,1.69
2011.03.11 19:21:50.108,1.3519,1.35219,1.69,1.69
2011.03.11 19:21:50.207,1.35191,1.3522,2.19,1.50
2011.03.11 19:21:50.432,1.35191,1.35219,2.19,1.50
2011.03.11 19:21:51.295,1.35191,1.35219,2.19,1.50
2011.03.11 19:21:53.422,1.35191,1.35218,1.25,1.69
2011.03.11 19:21:55.102,1.35191,1.35219,1.25,1.69
2011.03.11 19:21:56.080,1.35191,1.35219,1.25,1.69
2011.03.11 19:21:56.631,1.35191,1.3522,1.44,2.25
2011.03.11 19:21:57.152,1.35191,1.35219,1.44,1.50
2011.03.11 19:21:57.262,1.35191,1.35219,1.25,2.44
2011.03.11 19:22:00.374,1.35191,1.35217,1.25,1.69
2011.03.11 19:22:00.814,1.35191,1.35212,1.25,1.32
2011.03.11 19:22:00.925,1.35186,1.35208,1.50,1.69
2011.03.11 19:22:01.044,1.3518,1.3521,1.44,2.25
2011.03.11 19:22:01.153,1.3518,1.35211,1.44,1.50
2011.03.11 19:22:01.373,1.3518,1.35214,2.19,3.57
2011.03.11 19:22:03.014,1.3518,1.3521,1.25,1.32
2011.03.11 19:22:03.235,1.3518,1.35211,2.94,1.69
2011.03.11 19:22:03.793,1.3518,1.35211,2.19,1.69
2011.03.11 19:22:04.343,1.35181,1.35208,1.50,1.69
2011.03.11 19:22:04.562,1.35179,1.35207,1.25,1.69
2011.03.11 19:22:05.287,1.35179,1.35207,1.25,1.69
2011.03.11 19:22:05.412,1.35186,1.35213,1.44,1.50
2011.03.11 19:22:05.527,1.35184,1.3521,1.50,2.44
2011.03.11 19:22:06.083,1.35181,1.35209,1.25,1.69
2011.03.11 19:22:08.182,1.35181,1.3521,1.25,1.50
2011.03.11 19:22:08.511,1.35181,1.3521,1.25,1.50
2011.03.11 19:22:10.284,1.35181,1.3521,1.25,1.88
2011.03.11 19:22:10.502,1.35179,1.35206,1.25,1.50
2011.03.11 19:22:11.275,1.35179,1.35208,1.25,2.44
2011.03.11 19:22:11.614,1.35179,1.35206,1.25,2.25
2011.03.11 19:22:12.706,1.35177,1.35206,2.00,2.25
2011.03.11 19:22:14.477,1.35177,1.35201,1.25,1.69
2011.03.11 19:22:14.705,1.35173,1.352,1.25,1.50
2011.03.11 19:22:14.826,1.35173,1.35201,1.25,1.69
2011.03.11 19:22:14.943,1.35173,1.35202,1.25,1.50
2011.03.11 19:22:15.055,1.35175,1.35205,1.50,1.50
2011.03.11 19:22:15.174,1.35176,1.35205,1.25,1.50
2011.03.11 19:22:15.502,1.35176,1.35205,1.25,1.50
2011.03.11 19:22:15.721,1.35176,1.35205,1.25,1.50
2011.03.11 19:22:15.942,1.35176,1.35205,1.25,1.50
2011.03.11 19:22:16.492,1.35176,1.35205,2.38,1.50
2011.03.11 19:22:16.823,1.35179,1.35209,1.25,1.69
2011.03.11 19:22:17.704,1.35179,1.35208,1.25,1.50
2011.03.11 19:22:18.252,1.35179,1.35208,1.25,1.50
2011.03.11 19:22:18.372,1.35179,1.35208,1.25,1.50
2011.03.11 19:22:18.981,1.35176,1.35206,1.25,1.50
2011.03.11 19:22:20.042,1.35176,1.35206,1.25,1.50
2011.03.11 19:22:20.591,1.35176,1.35206,1.25,1.50
2011.03.11 19:22:24.037,1.35176,1.35206,1.25,1.50
2011.03.11 19:22:25.703,1.35176,1.35206,1.25,1.50
2011.03.11 19:22:25.924,1.35173,1.35202,1.25,1.50
2011.03.11 19:22:26.474,1.35173,1.35202,1.25,1.50
2011.03.11 19:22:27.023,1.35172,1.35201,2.00,1.69
2011.03.11 19:22:28.436,1.35172,1.35201,1.25,1.69
2011.03.11 19:22:28.795,1.3517,1.35199,1.25,1.50
2011.03.11 19:22:33.541,1.35168,1.35199,2.00,2.25
2011.03.11 19:22:34.262,1.35169,1.35199,1.25,1.50
2011.03.11 19:22:35.612,1.35168,1.35195,1.25,1.13
2011.03.11 19:22:35.945,1.35162,1.35186,2.00,1.69
2011.03.11 19:22:36.501,1.35159,1.35186,2.00,1.69
2011.03.11 19:22:42.272,1.35161,1.35186,1.25,1.69
2011.03.11 19:22:44.662,1.35159,1.35186,1.63,1.69
2011.03.11 19:22:44.993,1.3516,1.35182,1.25,1.69
2011.03.11 19:22:45.683,1.35162,1.35186,1.25,1.69
2011.03.11 19:22:50.973,1.35162,1.35187,2.19,1.50
2011.03.11 19:22:51.194,1.35169,1.35195,2.94,2.33
2011.03.11 19:22:51.523,1.35171,1.35199,1.69,2.44
2011.03.11 19:22:53.266,1.35171,1.35199,1.69,2.44
2011.03.11 19:22:57.193,1.35172,1.35201,1.25,2.44
2011.03.11 19:22:57.742,1.35175,1.35201,1.25,1.69
2011.03.11 19:22:58.536,1.35178,1.35204,1.50,1.69
2011.03.11 19:22:58.653,1.35178,1.35205,2.00,1.69
2011.03.11 19:23:01.655,1.35179,1.35209,1.06,2.44
2011.03.11 19:23:01.982,1.35181,1.35209,2.00,1.69
2011.03.11 19:23:02.973,1.35181,1.35209,1.25,1.69
2011.03.11 19:23:03.194,1.35178,1.35205,1.25,1.69
2011.03.11 19:23:03.413,1.35178,1.35208,2.56,1.69
2011.03.11 19:23:03.961,1.35182,1.35208,1.25,1.69
2011.03.11 19:23:04.072,1.35183,1.35208,1.25,1.69
2011.03.11 19:23:04.514,1.35184,1.35212,1.69,2.25
2011.03.11 19:23:05.142,1.35185,1.35215,2.19,1.69
2011.03.11 19:23:06.473,1.35185,1.35215,1.25,1.50
2011.03.11 19:23:09.392,1.35186,1.35215,1.25,1.50
2011.03.11 19:23:09.942,1.35185,1.35214,1.25,1.50
2011.03.11 19:23:10.271,1.35185,1.35214,1.25,1.50
2011.03.11 19:23:10.723,1.35182,1.35212,1.63,1.50
2011.03.11 19:23:11.531,1.35182,1.35212,1.63,1.50
2011.03.11 19:23:12.822,1.35182,1.35212,1.63,1.50
2011.03.11 19:23:13.823,1.35182,1.35212,1.25,1.69
2011.03.11 19:23:14.155,1.35187,1.35213,1.25,1.50
2011.03.11 19:23:14.493,1.35187,1.35219,1.25,1.50
2011.03.11 19:23:15.043,1.35185,1.35215,2.00,1.50
2011.03.11 19:23:15.593,1.35185,1.35215,2.00,1.50
2011.03.11 19:23:16.253,1.35187,1.35215,1.25,1.50
2011.03.11 19:23:16.362,1.35187,1.35215,1.25,1.50
2011.03.11 19:23:16.911,1.35185,1.35215,1.25,1.50
2011.03.11 19:23:17.955,1.35185,1.35215,1.25,1.50
2011.03.11 19:23:18.066,1.35182,1.35203,1.63,1.69
2011.03.11 19:23:18.733,1.35182,1.35203,1.25,1.69
2011.03.11 19:23:18.843,1.35182,1.35208,1.25,1.69
2011.03.11 19:23:18.952,1.3518,1.35208,1.25,1.69
2011.03.11 19:23:19.061,1.35179,1.35208,1.25,1.69
2011.03.11 19:23:19.576,1.3518,1.35208,1.25,1.69
2011.03.11 19:23:26.506,1.35179,1.35209,1.25,1.50
2011.03.11 19:23:29.828,1.35176,1.35206,1.25,1.69
2011.03.11 19:23:30.401,1.35175,1.35206,2.38,1.69
2011.03.11 19:23:30.736,1.35175,1.35206,1.25,1.69
2011.03.11 19:23:31.462,1.35176,1.35206,1.25,1.69
2011.03.11 19:23:31.683,1.35178,1.35208,1.25,1.69
2011.03.11 19:23:35.372,1.35181,1.35209,1.25,1.69
2011.03.11 19:23:36.431,1.35181,1.35209,2.00,1.69
2011.03.11 19:23:36.651,1.35181,1.35207,2.00,1.69
2011.03.11 19:23:37.385,1.35178,1.35206,1.25,2.52
2011.03.11 19:23:37.502,1.35178,1.35207,1.25,1.69
2011.03.11 19:23:38.274,1.35178,1.35208,1.25,2.44
2011.03.11 19:23:38.944,1.35178,1.35207,1.25,1.69
2011.03.11 19:23:40.042,1.35178,1.35207,1.25,1.69
2011.03.11 19:23:40.484,1.35176,1.35204,1.25,1.69
2011.03.11 19:23:40.593,1.35176,1.35202,1.25,1.69
2011.03.11 19:23:45.502,1.35172,1.35202,1.25,2.44
2011.03.11 19:23:46.052,1.35172,1.35201,1.25,1.69
2011.03.11 19:23:48.866,1.35172,1.35202,1.25,1.69
2011.03.11 19:23:49.893,1.35172,1.35201,1.25,2.44
2011.03.11 19:23:50.224,1.35169,1.35196,1.25,1.50
2011.03.11 19:23:50.336,1.35169,1.35196,1.25,2.25
2011.03.11 19:23:55.243,1.35166,1.35193,1.25,1.69
2011.03.11 19:23:55.576,1.35165,1.35193,1.25,2.44
2011.03.11 19:23:55.914,1.35161,1.35192,1.25,1.69
2011.03.11 19:23:56.438,1.35163,1.35193,1.25,1.69
2011.03.11 19:23:58.016,1.35163,1.35192,1.25,1.69
2011.03.11 19:23:59.893,1.35163,1.35193,1.63,1.69
2011.03.11 19:24:00.223,1.35167,1.352,1.63,1.50
2011.03.11 19:24:00.444,1.35167,1.35198,1.25,2.82
2011.03.11 19:24:00.554,1.35166,1.35193,1.44,1.50
2011.03.11 19:24:00.892,1.35166,1.35194,1.44,1.50
2011.03.11 19:24:01.442,1.35166,1.35197,1.25,1.50
2011.03.11 19:24:02.543,1.35166,1.35196,1.25,1.50
2011.03.11 19:24:03.114,1.35166,1.35196,1.25,2.44
2011.03.11 19:24:04.602,1.35166,1.35195,1.25,1.50
2011.03.11 19:24:04.982,1.35166,1.35195,1.25,1.50
2011.03.11 19:24:05.093,1.35166,1.35195,1.25,1.69
2011.03.11 19:24:05.424,1.35164,1.35192,1.25,1.50
2011.03.11 19:24:05.971,1.35164,1.35191,1.25,1.50
2011.03.11 19:24:06.634,1.35164,1.35194,1.25,3.00
2011.03.11 19:24:06.962,1.35164,1.35192,1.25,1.69
2011.03.11 19:24:07.294,1.35161,1.35188,1.25,2.44
2011.03.11 19:24:07.513,1.35161,1.35188,2.19,1.50
2011.03.11 19:24:07.628,1.35161,1.35191,2.19,1.50
2011.03.11 19:24:07.743,1.35161,1.3519,1.25,1.69
2011.03.11 19:24:08.295,1.35161,1.35188,1.25,1.50
2011.03.11 19:24:08.892,1.35161,1.35188,1.25,1.50
2011.03.11 19:24:09.112,1.35161,1.35189,1.25,1.50
2011.03.11 19:24:09.662,1.35162,1.35191,1.25,1.50
2011.03.11 19:24:10.212,1.35163,1.35193,2.33,1.50
2011.03.11 19:24:10.323,1.35163,1.35192,2.33,1.50
2011.03.11 19:24:12.735,1.35162,1.35193,1.25,1.50
2011.03.11 19:24:13.073,1.35163,1.35191,2.33,1.50
2011.03.11 19:24:13.182,1.35163,1.35191,2.83,1.50
2011.03.11 19:24:17.355,1.35165,1.35191,1.25,1.50
2011.03.11 19:24:17.692,1.35165,1.35194,1.25,1.50
2011.03.11 19:24:18.022,1.35165,1.35194,1.25,1.50
2011.03.11 19:24:18.491,1.35165,1.35194,1.25,1.50
2011.03.11 19:24:20.831,1.35166,1.35197,1.50,2.25
2011.03.11 19:24:21.367,1.35166,1.35197,1.50,1.50
2011.03.11 19:24:22.015,1.35165,1.35194,1.25,1.50
2011.03.11 19:24:23.343,1.35166,1.35194,1.13,1.50
2011.03.11 19:24:23.453,1.35166,1.35194,1.13,1.50
2011.03.11 19:24:23.562,1.35168,1.35198,2.00,1.50
2011.03.11 19:24:27.542,1.35166,1.35196,1.25,1.50
2011.03.11 19:24:30.292,1.35166,1.35196,1.25,1.50
2011.03.11 19:24:37.983,1.35164,1.35192,1.25,1.50
2011.03.11 19:24:38.322,1.35165,1.35192,1.25,1.50
2011.03.11 19:24:41.512,1.35164,1.35192,1.25,1.50
2011.03.11 19:24:42.044,1.35164,1.35188,1.25,1.69
2011.03.11 19:24:50.752,1.35165,1.35191,1.25,1.69
2011.03.11 19:24:51.302,1.35164,1.3519,1.25,1.69
2011.03.11 19:24:55.065,1.35165,1.3519,1.25,1.69
2011.03.11 19:24:55.624,1.35165,1.35191,1.25,1.69
2011.03.11 19:24:55.843,1.35165,1.35191,1.25,1.69
2011.03.11 19:24:57.243,1.35165,1.35191,1.25,1.69
2011.03.11 19:24:58.023,1.35165,1.35192,1.25,2.44
2011.03.11 19:24:58.243,1.35165,1.35192,1.25,2.44
2011.03.11 19:25:00.415,1.35165,1.35192,1.25,2.44
2011.03.11 19:25:00.534,1.35165,1.35192,1.25,1.69
2011.03.11 19:25:05.954,1.35165,1.35192,1.25,1.69
2011.03.11 19:25:09.381,1.35161,1.3519,2.00,1.69
2011.03.11 19:25:13.242,1.35161,1.3519,2.00,1.69
2011.03.11 19:25:13.892,1.35161,1.3519,2.00,1.69
2011.03.11 19:25:17.162,1.35165,1.35192,1.50,1.69
2011.03.11 19:25:17.718,1.35165,1.35193,1.50,1.69
2011.03.11 19:25:18.493,1.35168,1.35195,1.69,1.50
2011.03.11 19:25:19.042,1.35165,1.35195,1.69,3.19
2011.03.11 19:25:32.563,1.35164,1.35195,1.25,1.50
2011.03.11 19:25:39.922,1.35166,1.35195,1.50,2.25
2011.03.11 19:25:40.472,1.35166,1.35195,1.50,1.50
2011.03.11 19:25:40.805,1.35171,1.35195,1.13,1.50
2011.03.11 19:25:41.236,1.35176,1.35204,1.25,1.50
2011.03.11 19:25:41.862,1.35176,1.35203,1.25,1.50
2011.03.11 19:25:42.464,1.35177,1.35203,1.50,1.50
2011.03.11 19:25:42.577,1.35179,1.35208,1.50,2.25
2011.03.11 19:25:42.914,1.35183,1.3521,1.69,1.50
2011.03.11 19:25:43.134,1.35186,1.35211,1.63,2.25
2011.03.11 19:25:43.246,1.35186,1.35211,2.25,1.50
2011.03.11 19:25:43.803,1.35182,1.3521,1.25,1.50
2011.03.11 19:25:44.383,1.35182,1.3521,1.25,1.50
2011.03.11 19:25:45.434,1.35182,1.3521,1.25,1.50
2011.03.11 19:25:45.830,1.35182,1.35208,1.25,1.50
2011.03.11 19:25:46.071,1.35164,1.35193,3.58,1.50
2011.03.11 19:25:48.836,1.35164,1.35191,1.25,1.50
2011.03.11 19:25:49.431,1.35164,1.35191,1.25,2.25
2011.03.11 19:25:50.015,1.35164,1.35192,1.25,1.50
2011.03.11 19:25:51.314,1.35164,1.35193,1.25,2.25
2011.03.11 19:25:52.362,1.35164,1.35191,1.25,1.50
2011.03.11 19:25:53.023,1.35164,1.35191,1.25,1.50
2011.03.11 19:25:53.133,1.35158,1.35187,2.70,1.50
2011.03.11 19:25:54.164,1.35162,1.3519,1.25,1.50
2011.03.11 19:25:56.064,1.35162,1.35189,1.25,1.69
2011.03.11 19:25:56.399,1.35153,1.35181,2.25,1.69
2011.03.11 19:25:56.625,1.35149,1.3518,1.25,1.50
2011.03.11 19:25:56.852,1.3515,1.35182,1.25,1.69
2011.03.11 19:25:57.494,1.35152,1.35183,1.25,1.69
2011.03.11 19:25:57.892,1.35152,1.35183,1.25,2.25
2011.03.11 19:25:58.884,1.35152,1.35181,1.25,1.13
2011.03.11 19:25:59.211,1.35148,1.35178,2.00,1.50
2011.03.11 19:26:01.485,1.35153,1.3518,1.25,1.50
2011.03.11 19:26:01.606,1.35153,1.35182,1.25,1.50
2011.03.11 19:26:02.144,1.35153,1.35183,1.25,2.25
2011.03.11 19:26:02.953,1.35153,1.35182,1.25,1.50
2011.03.11 19:26:05.105,1.35152,1.35182,2.25,1.50
2011.03.11 19:26:05.223,1.3515,1.35184,2.00,1.50
2011.03.11 19:26:05.442,1.3515,1.35182,1.25,1.50
2011.03.11 19:26:09.026,1.35153,1.35182,1.25,1.50
2011.03.11 19:26:09.366,1.35148,1.35167,1.25,1.58
2011.03.11 19:26:10.475,1.35152,1.35169,1.25,1.58
2011.03.11 19:26:10.585,1.35152,1.35171,1.25,1.58
2011.03.11 19:26:10.693,1.35152,1.35169,1.25,1.58
2011.03.11 19:26:10.804,1.35152,1.35171,1.25,1.58
2011.03.11 19:26:11.362,1.35152,1.35171,1.25,1.58
2011.03.11 19:26:11.583,1.35152,1.35173,2.00,1.58
2011.03.11 19:26:15.251,1.35152,1.35175,2.00,1.58
2011.03.11 19:26:15.361,1.35152,1.35182,2.00,1.50
2011.03.11 19:26:19.131,1.35152,1.3518,1.25,1.50
2011.03.11 19:26:19.694,1.35152,1.35181,1.25,1.50
2011.03.11 19:26:23.011,1.3516,1.3519,1.25,3.75
2011.03.11 19:26:24.492,1.3516,1.35189,1.25,1.50
2011.03.11 19:26:24.606,1.3516,1.35187,1.25,1.32
2011.03.11 19:26:24.836,1.35156,1.35181,2.33,1.50
2011.03.11 19:26:32.033,1.35154,1.35183,1.25,1.50
2011.03.11 19:26:34.746,1.35154,1.3518,1.25,1.50
2011.03.11 19:26:35.083,1.35148,1.35177,1.25,1.50
2011.03.11 19:26:38.924,1.35149,1.35179,2.52,1.50
2011.03.11 19:26:39.036,1.35152,1.35181,1.25,1.50
2011.03.11 19:26:47.714,1.35156,1.35185,1.25,1.50
2011.03.11 19:26:47.826,1.35156,1.35187,1.13,1.50
2011.03.11 19:26:48.332,1.35159,1.35189,1.25,2.25
2011.03.11 19:26:48.982,1.35159,1.35188,1.25,1.50
2011.03.11 19:26:49.204,1.35159,1.35188,1.25,1.50
2011.03.11 19:26:49.555,1.35159,1.35188,1.25,1.50
2011.03.11 19:26:50.642,1.35159,1.35187,1.25,1.50
2011.03.11 19:26:51.083,1.35159,1.35187,1.25,1.50
2011.03.11 19:26:52.203,1.35157,1.35187,1.25,1.50
2011.03.11 19:26:52.754,1.35159,1.35189,1.25,2.25
2011.03.11 19:26:53.526,1.35159,1.3519,1.25,2.25
2011.03.11 19:26:53.645,1.3516,1.35191,1.50,1.50
2011.03.11 19:26:54.254,1.35162,1.35191,1.25,2.25
2011.03.11 19:26:54.803,1.35161,1.3519,1.25,1.50
2011.03.11 19:26:55.372,1.35161,1.3519,1.25,1.50
2011.03.11 19:26:57.363,1.35161,1.3519,1.25,2.63
2011.03.11 19:26:57.937,1.35157,1.35187,1.25,1.50
2011.03.11 19:26:58.063,1.35156,1.35188,1.25,1.50
2011.03.11 19:26:59.323,1.35157,1.35185,1.25,1.50
2011.03.11 19:27:02.403,1.35155,1.35185,1.44,2.25
2011.03.11 19:27:02.513,1.35155,1.35182,1.44,1.50
2011.03.11 19:27:02.731,1.35155,1.35182,1.44,1.50
2011.03.11 19:27:02.842,1.35155,1.35182,1.44,1.50
2011.03.11 19:27:15.822,1.35155,1.35182,1.44,1.50
2011.03.11 19:27:17.185,1.35152,1.35182,3.69,1.50
2011.03.11 19:27:17.414,1.35152,1.35179,1.25,1.50
2011.03.11 19:27:17.855,1.35151,1.35179,1.25,1.50
2011.03.11 19:27:18.194,1.35148,1.35175,1.25,1.50
2011.03.11 19:27:19.165,1.35151,1.35178,1.25,1.50
2011.03.11 19:27:19.722,1.35151,1.35181,1.25,2.25
2011.03.11 19:27:20.364,1.35151,1.35179,1.25,1.50
2011.03.11 19:27:20.693,1.35151,1.35181,1.25,2.25
2011.03.11 19:27:22.633,1.35151,1.35179,1.25,2.25
2011.03.11 19:27:22.964,1.35151,1.3518,1.25,1.13
2011.03.11 19:27:23.552,1.35151,1.35181,1.25,1.50
2011.03.11 19:27:23.772,1.35151,1.35181,1.25,2.25
2011.03.11 19:27:24.322,1.35151,1.35181,1.25,1.50
2011.03.11 19:27:24.882,1.35151,1.35181,1.25,2.25
2011.03.11 19:27:25.095,1.35151,1.35181,1.25,1.50
2011.03.11 19:27:25.316,1.35156,1.35189,2.00,3.08
2011.03.11 19:27:25.435,1.35156,1.35187,2.00,1.50
2011.03.11 19:27:25.983,1.35159,1.35188,1.25,1.50
2011.03.11 19:27:26.210,1.35159,1.35185,1.25,1.58
2011.03.11 19:27:26.327,1.35155,1.35179,1.50,1.88
2011.03.11 19:27:26.447,1.35148,1.35178,2.83,1.50
2011.03.11 19:27:26.566,1.35148,1.35177,2.83,1.50
2011.03.11 19:27:27.473,1.35152,1.35179,1.25,1.50
2011.03.11 19:27:28.035,1.35152,1.35181,1.25,1.50
2011.03.11 19:27:29.323,1.35152,1.35182,1.25,2.25
2011.03.11 19:27:30.884,1.35152,1.35179,1.25,1.50
2011.03.11 19:27:30.994,1.35149,1.35179,1.50,1.50
2011.03.11 19:27:31.542,1.35148,1.35178,1.25,2.25
2011.03.11 19:27:31.762,1.35151,1.3518,1.25,1.50
2011.03.11 19:27:33.284,1.35151,1.3518,1.25,2.44
2011.03.11 19:27:33.760,1.35151,1.35171,1.25,1.50
2011.03.11 19:27:33.881,1.35139,1.3517,1.25,1.50
2011.03.11 19:27:34.625,1.35143,1.35173,1.25,1.50
2011.03.11 19:27:34.855,1.35147,1.35178,1.25,3.08
2011.03.11 19:27:35.196,1.35147,1.35181,3.01,2.25
2011.03.11 19:27:35.734,1.35152,1.3518,1.25,1.50
2011.03.11 19:27:36.438,1.35152,1.35181,1.25,2.25
2011.03.11 19:27:37.483,1.35152,1.35181,1.25,2.25
2011.03.11 19:27:37.595,1.35152,1.35178,1.25,1.13
2011.03.11 19:27:37.704,1.35146,1.35176,1.25,1.88
2011.03.11 19:27:43.372,1.3515,1.35178,1.25,1.50
2011.03.11 19:27:43.482,1.3515,1.3518,1.25,2.25
2011.03.11 19:27:44.748,1.35155,1.3518,1.50,1.50
2011.03.11 19:27:45.083,1.35157,1.35188,2.38,1.50
2011.03.11 19:27:45.195,1.35158,1.35188,1.25,1.50
2011.03.11 19:27:45.537,1.35162,1.3519,2.19,1.50
2011.03.11 19:27:46.093,1.35162,1.3519,1.44,1.50
2011.03.11 19:27:47.394,1.35163,1.35194,1.25,1.50
2011.03.11 19:27:47.943,1.35163,1.35194,1.25,2.25
2011.03.11 19:27:52.883,1.35163,1.3519,1.25,1.13
2011.03.11 19:27:52.993,1.35161,1.35188,1.69,1.13
2011.03.11 19:27:53.322,1.35159,1.35188,1.69,1.88
2011.03.11 19:27:53.873,1.35157,1.35188,2.00,1.88
2011.03.11 19:27:56.196,1.35157,1.35187,1.25,1.13
2011.03.11 19:27:56.316,1.35155,1.35182,2.75,1.13
2011.03.11 19:27:56.434,1.35155,1.35179,2.25,2.25
2011.03.11 19:27:56.872,1.35146,1.35176,1.25,1.50
2011.03.11 19:27:57.228,1.35146,1.35174,1.25,1.50
2011.03.11 19:27:57.593,1.35146,1.35174,1.25,1.50
2011.03.11 19:27:58.045,1.35146,1.35174,2.19,1.50
2011.03.11 19:27:58.273,1.35154,1.35177,1.69,1.50
2011.03.11 19:27:58.832,1.35154,1.35177,1.69,1.50
2011.03.11 19:28:00.456,1.35159,1.35184,1.69,2.25
2011.03.11 19:28:00.576,1.3516,1.35184,1.69,2.25
2011.03.11 19:28:00.695,1.35163,1.35184,2.44,1.50
2011.03.11 19:28:00.916,1.35167,1.3519,1.69,1.50
2011.03.11 19:28:01.035,1.35167,1.3519,1.69,1.50
2011.03.11 19:28:01.560,1.35167,1.35194,2.44,1.50
2011.03.11 19:28:03.897,1.35168,1.35191,1.50,1.13
2011.03.11 19:28:04.017,1.35163,1.35188,1.69,1.50
2011.03.11 19:28:04.356,1.35159,1.35186,2.52,1.13
2011.03.11 19:28:04.694,1.35158,1.35185,2.44,1.50
2011.03.11 19:28:08.406,1.35155,1.35184,1.69,1.13
2011.03.11 19:28:08.523,1.35154,1.35184,1.69,1.13
2011.03.11 19:28:10.924,1.3516,1.35184,1.50,2.25
2011.03.11 19:28:11.036,1.3516,1.35184,1.50,1.50
2011.03.11 19:28:12.084,1.35159,1.35184,1.69,1.50
2011.03.11 19:28:14.075,1.35159,1.35184,1.69,1.50
2011.03.11 19:28:14.517,1.35162,1.35186,2.44,1.50
2011.03.11 19:28:14.634,1.35163,1.35188,1.69,1.50
2011.03.11 19:28:14.743,1.35163,1.3519,1.69,1.50
2011.03.11 19:28:14.854,1.35164,1.3519,1.69,3.00
2011.03.11 19:28:15.074,1.35164,1.35189,1.69,1.13
2011.03.11 19:28:15.403,1.35162,1.35187,1.69,1.50
2011.03.11 19:28:15.964,1.35161,1.35187,1.50,3.19
2011.03.11 19:28:17.593,1.35156,1.35185,1.25,1.69
2011.03.11 19:28:18.354,1.35156,1.35183,1.25,1.69
2011.03.11 19:28:22.632,1.35156,1.35183,1.25,2.44
2011.03.11 19:28:22.747,1.35153,1.35179,1.69,1.50
2011.03.11 19:28:22.867,1.35149,1.35179,1.25,2.44
2011.03.11 19:28:23.204,1.35153,1.3518,1.50,1.50
2011.03.11 19:28:24.742,1.35153,1.3518,1.50,1.50
2011.03.11 19:28:25.073,1.35156,1.35183,2.44,1.50
2011.03.11 19:28:25.182,1.35157,1.35186,1.44,2.44
2011.03.11 19:28:25.512,1.35157,1.35186,1.44,1.69
2011.03.11 19:28:27.386,1.35156,1.35182,2.44,1.50
2011.03.11 19:28:28.133,1.35156,1.35182,1.69,1.50
2011.03.11 19:28:28.682,1.35156,1.35182,1.69,1.50
2011.03.11 19:28:28.903,1.35159,1.35182,1.69,1.50
2011.03.11 19:28:29.237,1.35157,1.35191,1.25,2.40
2011.03.11 19:28:29.355,1.35158,1.35191,1.25,2.40
2011.03.11 19:28:29.903,1.35163,1.35192,1.44,1.50
2011.03.11 19:28:30.234,1.35165,1.35194,1.50,1.50
2011.03.11 19:28:31.262,1.35166,1.35194,1.25,1.50
2011.03.11 19:28:32.461,1.35166,1.35194,1.25,1.50
2011.03.11 19:28:33.793,1.35166,1.35194,1.25,2.25
2011.03.11 19:28:34.124,1.35174,1.35203,1.25,1.50
2011.03.11 19:28:34.453,1.35174,1.35202,1.25,1.69
2011.03.11 19:28:36.465,1.35177,1.35206,1.25,1.50
2011.03.11 19:28:36.576,1.35174,1.35204,2.33,1.50
2011.03.11 19:28:36.804,1.35174,1.35205,2.83,1.50
2011.03.11 19:28:37.331,1.35179,1.35206,1.25,2.25
2011.03.11 19:28:38.072,1.35178,1.35204,1.25,1.50
2011.03.11 19:28:38.615,1.35178,1.35206,1.25,1.13
2011.03.11 19:28:38.944,1.35173,1.35202,1.25,1.50
2011.03.11 19:28:39.273,1.35171,1.35201,1.25,1.50
2011.03.11 19:28:39.823,1.3517,1.35199,1.25,2.25
2011.03.11 19:28:42.400,1.3517,1.35199,1.25,1.50
2011.03.11 19:28:43.872,1.3517,1.35199,1.25,1.50
2011.03.11 19:28:43.986,1.3517,1.35201,1.25,1.58
2011.03.11 19:28:44.434,1.35168,1.35197,1.25,1.50
2011.03.11 19:28:45.002,1.35168,1.35196,1.25,1.50
2011.03.11 19:28:50.504,1.35168,1.35196,1.25,1.50
2011.03.11 19:28:50.724,1.35168,1.35196,2.00,1.50
2011.03.11 19:28:51.272,1.35171,1.35198,2.00,1.50
2011.03.11 19:28:51.716,1.3517,1.35198,1.25,1.50
2011.03.11 19:28:52.372,1.35171,1.35198,1.25,1.50
2011.03.11 19:28:53.737,1.35171,1.35195,1.25,1.69
2011.03.11 19:28:54.902,1.35164,1.35193,2.44,2.07
2011.03.11 19:28:55.452,1.35164,1.35192,2.44,1.32
2011.03.11 19:28:55.564,1.35164,1.35191,1.69,1.50
2011.03.11 19:28:55.674,1.35162,1.35188,1.50,1.69
2011.03.11 19:28:55.893,1.3516,1.35189,2.00,1.69
2011.03.11 19:28:56.224,1.3516,1.35187,1.25,1.69
2011.03.11 19:28:56.445,1.35154,1.35181,1.69,1.50
2011.03.11 19:28:56.665,1.35157,1.35183,1.69,1.50
2011.03.11 19:28:56.776,1.35161,1.3519,1.44,1.69
2011.03.11 19:28:57.005,1.35161,1.35191,1.44,1.69
2011.03.11 19:28:57.586,1.35161,1.35191,1.44,1.69
2011.03.11 19:28:58.172,1.35161,1.3519,1.44,1.69
2011.03.11 19:28:58.284,1.35161,1.3519,1.25,2.44
2011.03.11 19:28:58.615,1.35161,1.35191,1.25,1.50
2011.03.11 19:28:58.735,1.35159,1.35187,1.50,1.50
2011.03.11 19:28:59.173,1.35159,1.35188,1.50,1.50
2011.03.11 19:28:59.726,1.35164,1.35189,1.50,1.50
2011.03.11 19:29:00.284,1.35166,1.35192,1.50,2.25
2011.03.11 19:29:00.506,1.35166,1.35192,1.50,1.50
2011.03.11 19:29:01.502,1.35163,1.35191,1.25,1.69
2011.03.11 19:29:02.335,1.35163,1.35192,1.25,1.69
2011.03.11 19:29:02.863,1.35163,1.35191,1.25,1.69
2011.03.11 19:29:02.978,1.35163,1.3519,1.25,1.69
2011.03.11 19:29:03.315,1.3516,1.35187,1.25,1.69
2011.03.11 19:29:03.433,1.35157,1.35188,3.00,2.82
2011.03.11 19:29:03.654,1.35157,1.35186,1.25,2.44
2011.03.11 19:29:04.413,1.35157,1.35186,1.25,2.82
2011.03.11 19:29:04.934,1.35157,1.35186,1.25,2.44
2011.03.11 19:29:05.263,1.35156,1.35186,1.69,2.44
2011.03.11 19:29:07.281,1.35156,1.35186,1.69,3.19
2011.03.11 19:29:07.831,1.35156,1.35186,1.69,2.44
2011.03.11 19:29:12.895,1.35159,1.35186,2.44,1.50
2011.03.11 19:29:13.223,1.35165,1.35188,1.50,1.50
2011.03.11 19:29:13.443,1.3516,1.35188,1.69,1.88
2011.03.11 19:29:13.555,1.3516,1.35186,1.69,1.50
2011.03.11 19:29:13.774,1.3516,1.35185,1.69,1.50
2011.03.11 19:29:14.323,1.35159,1.35185,2.33,1.50
2011.03.11 19:29:16.093,1.35159,1.35189,4.58,1.50
2011.03.11 19:29:16.665,1.35161,1.35189,1.50,1.50
2011.03.11 19:29:17.225,1.35159,1.35189,2.25,2.25
2011.03.11 19:29:17.442,1.35159,1.35189,2.25,1.88
2011.03.11 19:29:20.023,1.35159,1.35189,2.25,2.63
2011.03.11 19:29:20.245,1.35157,1.35185,2.44,1.50
2011.03.11 19:29:20.777,1.35157,1.35184,1.69,1.50
2011.03.11 19:29:21.226,1.35157,1.35184,1.50,2.25
2011.03.11 19:29:21.346,1.35154,1.35182,2.00,1.50
2011.03.11 19:29:21.685,1.35151,1.3518,1.25,1.50
2011.03.11 19:29:22.024,1.35151,1.3518,1.25,2.25
2011.03.11 19:29:22.354,1.35148,1.35177,2.00,1.50
2011.03.11 19:29:24.843,1.35148,1.35177,2.75,1.50
2011.03.11 19:29:25.283,1.35147,1.35177,2.75,1.50
2011.03.11 19:29:26.331,1.35148,1.35172,1.25,1.69
2011.03.11 19:29:26.555,1.35141,1.3517,1.63,1.69
2011.03.11 19:29:29.036,1.35142,1.3517,2.33,1.50
2011.03.11 19:29:29.155,1.35143,1.35171,2.33,1.50
2011.03.11 19:29:29.702,1.35143,1.35175,2.83,2.44
2011.03.11 19:29:31.660,1.35145,1.35174,1.25,1.69
2011.03.11 19:29:34.714,1.35146,1.35174,1.25,1.69
2011.03.11 19:29:35.157,1.35146,1.3517,1.25,1.13
2011.03.11 19:29:35.385,1.35143,1.35167,1.58,1.50
2011.03.11 19:29:35.492,1.35137,1.35167,2.00,1.50
2011.03.11 19:29:35.822,1.35137,1.35167,2.00,1.50
2011.03.11 19:29:38.304,1.35137,1.35167,1.25,1.50
2011.03.11 19:29:39.205,1.35138,1.35167,1.25,1.50
2011.03.11 19:29:39.754,1.35138,1.35167,1.25,1.50
2011.03.11 19:29:39.974,1.35138,1.35167,1.25,1.50
2011.03.11 19:29:41.542,1.35138,1.35167,2.00,1.50
2011.03.11 19:29:42.230,1.35138,1.35167,2.00,1.50
2011.03.11 19:29:42.563,1.35138,1.35167,2.00,1.50
2011.03.11 19:29:44.714,1.35138,1.35166,2.00,1.69
2011.03.11 19:29:45.263,1.35134,1.35162,2.00,2.25
2011.03.11 19:29:48.303,1.35134,1.35162,2.00,2.25
2011.03.11 19:29:48.633,1.35135,1.3516,2.00,1.88
2011.03.11 19:29:48.964,1.35127,1.35154,1.25,1.69
2011.03.11 19:29:49.073,1.35126,1.35153,1.77,1.69
2011.03.11 19:29:49.184,1.35124,1.35153,2.00,2.44
2011.03.11 19:29:49.589,1.35125,1.35151,1.50,1.50
2011.03.11 19:29:49.708,1.35122,1.35153,2.75,1.50
2011.03.11 19:29:50.042,1.35122,1.3515,1.50,2.25
2011.03.11 19:29:51.015,1.35121,1.35148,1.25,1.69
2011.03.11 19:29:51.124,1.35118,1.35147,1.25,1.69
2011.03.11 19:29:51.233,1.35118,1.35145,1.25,1.50
2011.03.11 19:29:51.343,1.35118,1.35145,1.25,1.50
2011.03.11 19:29:51.673,1.35118,1.35145,1.25,1.50
2011.03.11 19:29:52.010,1.35122,1.35151,1.25,3.57
2011.03.11 19:29:52.346,1.35124,1.35153,1.69,1.69
2011.03.11 19:29:52.902,1.35124,1.35153,1.69,1.69
2011.03.11 19:29:54.352,1.35124,1.35153,1.69,1.69
2011.03.11 19:29:54.572,1.35124,1.35153,2.44,1.69
2011.03.11 19:29:55.015,1.35123,1.35153,2.83,1.69
2011.03.11 19:29:55.342,1.35122,1.35153,2.00,1.69
2011.03.11 19:29:56.417,1.35123,1.35153,1.25,1.69
2011.03.11 19:29:56.645,1.35122,1.35151,2.00,1.69
2011.03.11 19:29:57.311,1.35123,1.35151,1.25,1.69
2011.03.11 19:29:57.922,1.35122,1.35151,2.00,1.69
2011.03.11 19:29:59.365,1.35123,1.35151,1.25,1.69
2011.03.11 19:29:59.964,1.35122,1.35151,1.25,2.44
2011.03.11 19:30:00.524,1.35123,1.35151,1.25,3.19
2011.03.11 19:30:00.883,1.35123,1.35151,1.25,1.69
2011.03.11 19:30:02.014,1.35123,1.35152,1.25,1.69
2011.03.11 19:30:02.344,1.35123,1.35153,1.44,1.69
2011.03.11 19:30:04.017,1.35125,1.35154,1.25,2.44
2011.03.11 19:30:08.673,1.35128,1.35154,1.25,1.69
2011.03.11 19:30:09.603,1.35128,1.35154,1.25,1.69
2011.03.11 19:30:09.822,1.35128,1.35154,1.25,1.69
2011.03.11 19:30:10.155,1.35123,1.35152,2.19,1.50
2011.03.11 19:30:10.746,1.35119,1.35147,2.00,2.44
2011.03.11 19:30:12.163,1.35119,1.35147,1.50,2.44
2011.03.11 19:30:12.495,1.35119,1.35147,3.19,1.50
2011.03.11 19:30:13.154,1.35122,1.35146,1.50,1.50
2011.03.11 19:30:14.824,1.35122,1.35151,1.50,1.50
2011.03.11 19:30:15.763,1.35122,1.35151,2.25,1.50
2011.03.11 19:30:16.302,1.35122,1.35151,1.50,1.50
2011.03.11 19:30:16.999,1.35122,1.35151,1.50,1.50
2011.03.11 19:30:17.602,1.35121,1.35151,1.50,1.50
2011.03.11 19:30:18.328,1.35119,1.35151,2.00,1.50
2011.03.11 19:30:18.668,1.35119,1.35151,2.00,1.88
2011.03.11 19:30:18.894,1.35116,1.35146,2.00,1.50
2011.03.11 19:30:19.335,1.35118,1.35148,1.25,1.50
2011.03.11 19:30:19.663,1.3512,1.3515,2.00,1.50
2011.03.11 19:30:20.543,1.3512,1.3515,3.50,1.50
2011.03.11 19:30:20.763,1.3512,1.3515,2.75,1.50
2011.03.11 19:30:21.623,1.35121,1.3515,1.25,1.50
2011.03.11 19:30:21.842,1.3512,1.3515,2.75,1.50
2011.03.11 19:30:22.173,1.3512,1.35145,1.25,1.69
2011.03.11 19:30:23.964,1.3512,1.35145,1.25,1.69
2011.03.11 19:30:24.296,1.3512,1.35145,1.25,1.69
2011.03.11 19:30:24.632,1.3512,1.35145,1.25,1.69
2011.03.11 19:30:25.483,1.35117,1.3514,1.50,1.50
2011.03.11 19:30:25.594,1.35115,1.3514,1.50,2.44
2011.03.11 19:30:25.705,1.35113,1.3514,2.00,2.44
2011.03.11 19:30:26.034,1.35114,1.35142,1.50,1.69
2011.03.11 19:30:26.464,1.35114,1.35142,2.44,1.50
2011.03.11 19:30:26.796,1.35118,1.35146,3.19,1.50
2011.03.11 19:30:27.242,1.35121,1.3515,2.94,1.50
2011.03.11 19:30:30.823,1.35121,1.3515,2.94,1.50
2011.03.11 19:30:31.574,1.3512,1.35148,1.25,1.50
2011.03.11 19:30:32.743,1.35119,1.35146,1.25,1.69
2011.03.11 19:30:33.271,1.35118,1.35146,1.25,1.69
2011.03.11 19:30:34.925,1.35118,1.35143,1.25,1.69
2011.03.11 19:30:35.143,1.35115,1.35143,1.25,1.69
2011.03.11 19:30:37.462,1.35115,1.35143,1.25,2.44
2011.03.11 19:30:37.862,1.35115,1.35143,1.25,2.44
2011.03.11 19:30:38.384,1.35114,1.3514,1.50,1.69
2011.03.11 19:30:39.246,1.35113,1.3514,1.25,1.69
2011.03.11 19:30:39.806,1.35114,1.3514,1.69,1.50
2011.03.11 19:30:40.034,1.35114,1.3514,4.02,1.50
2011.03.11 19:30:42.524,1.35115,1.35144,2.19,1.50
2011.03.11 19:30:42.641,1.35118,1.35144,1.69,1.50
2011.03.11 19:30:42.870,1.3512,1.35147,1.44,1.50
2011.03.11 19:30:45.202,1.3512,1.35149,1.81,2.25
2011.03.11 19:30:45.533,1.35126,1.35153,1.69,1.50
2011.03.11 19:30:51.803,1.35125,1.35153,1.44,1.50
2011.03.11 19:30:53.233,1.35123,1.35153,2.19,1.50
2011.03.11 19:30:54.863,1.35125,1.35153,1.44,1.50
2011.03.11 19:30:55.838,1.35125,1.35153,4.51,1.50
2011.03.11 19:30:56.504,1.35125,1.35153,1.25,2.44
2011.03.11 19:30:56.723,1.35121,1.35152,1.44,1.69
2011.03.11 19:30:56.833,1.35121,1.35149,1.44,1.50
2011.03.11 19:30:58.187,1.35122,1.35149,1.25,1.50
2011.03.11 19:30:58.304,1.35122,1.35149,4.51,1.50
2011.03.11 19:30:59.205,1.35122,1.35149,1.25,1.69
2011.03.11 19:31:01.156,1.35122,1.35149,1.44,1.50
2011.03.11 19:31:01.898,1.35122,1.35149,1.44,1.50
2011.03.11 19:31:03.607,1.35121,1.35149,2.00,1.50
2011.03.11 19:31:04.973,1.35122,1.35147,2.33,1.50
2011.03.11 19:31:05.522,1.35119,1.35151,3.76,1.50
2011.03.11 19:31:10.888,1.35119,1.35147,1.44,1.13
2011.03.11 19:31:11.225,1.35112,1.35138,2.33,2.44
2011.03.11 19:31:11.558,1.35112,1.35134,1.58,1.69
2011.03.11 19:31:11.896,1.35112,1.3514,1.63,1.50
2011.03.11 19:31:12.017,1.35112,1.35144,1.25,1.69
2011.03.11 19:31:12.136,1.35114,1.35144,1.50,1.69
2011.03.11 19:31:12.684,1.35117,1.35146,1.25,1.69
2011.03.11 19:31:13.126,1.35115,1.35145,1.44,1.69
2011.03.11 19:31:13.463,1.35116,1.35146,2.19,2.44
2011.03.11 19:31:13.794,1.35116,1.35144,1.44,1.50
2011.03.11 19:31:14.572,1.35116,1.35144,1.25,1.69
2011.03.11 19:31:15.123,1.35116,1.35145,1.25,1.69
2011.03.11 19:31:15.579,1.35116,1.35141,1.25,1.50
2011.03.11 19:31:16.132,1.35116,1.35146,1.25,3.19
2011.03.11 19:31:17.554,1.35116,1.35146,1.25,2.44
2011.03.11 19:31:18.131,1.35116,1.35143,1.25,1.50
2011.03.11 19:31:19.965,1.35116,1.35145,1.25,1.69
2011.03.11 19:31:20.569,1.35114,1.35143,1.44,1.50
2011.03.11 19:31:21.913,1.35114,1.35143,1.44,1.50
2011.03.11 19:31:22.132,1.35114,1.35143,1.44,1.50
2011.03.11 19:31:23.322,1.35114,1.35143,1.44,1.50
2011.03.11 19:31:25.034,1.35114,1.35143,1.44,1.50
2011.03.11 19:31:26.013,1.35114,1.35143,1.44,1.50
2011.03.11 19:31:26.237,1.35113,1.35143,2.00,2.44
2011.03.11 19:31:30.226,1.35114,1.35143,1.44,2.25
2011.03.11 19:31:32.378,1.35114,1.35143,1.44,1.50
2011.03.11 19:31:32.492,1.35114,1.35143,1.44,1.50
2011.03.11 19:31:33.275,1.35118,1.35145,1.25,1.69
2011.03.11 19:31:34.043,1.35115,1.35145,1.25,2.44
2011.03.11 19:31:36.090,1.35115,1.35145,1.25,1.69
2011.03.11 19:31:37.342,1.35115,1.35144,1.25,1.50
2011.03.11 19:31:37.564,1.35115,1.35145,2.00,2.44
2011.03.11 19:31:37.675,1.35118,1.35145,1.44,1.50
2011.03.11 19:31:38.278,1.35118,1.35146,1.44,1.69
2011.03.11 19:31:39.791,1.35118,1.35147,1.44,2.44
2011.03.11 19:31:40.353,1.35118,1.35146,1.44,1.69
2011.03.11 19:31:42.871,1.35118,1.35147,1.44,2.44
2011.03.11 19:31:43.683,1.35118,1.35146,1.44,1.69
2011.03.11 19:31:46.472,1.35118,1.35147,1.44,2.44
2011.03.11 19:31:47.763,1.3512,1.35148,1.25,1.69
2011.03.11 19:31:48.322,1.3512,1.35148,1.25,1.69
2011.03.11 19:31:49.773,1.35118,1.35147,2.44,2.44
2011.03.11 19:31:49.993,1.35118,1.35147,2.44,1.69
2011.03.11 19:31:50.103,1.35118,1.35148,2.44,2.44
2011.03.11 19:31:50.542,1.35119,1.35147,1.44,1.69
2011.03.11 19:31:51.251,1.35119,1.35148,1.44,2.44
2011.03.11 19:31:51.913,1.35119,1.35146,1.44,2.44
2011.03.11 19:31:52.353,1.35119,1.35146,1.44,1.69
2011.03.11 19:31:53.554,1.35119,1.35148,1.44,2.44
2011.03.11 19:31:53.885,1.35123,1.3515,1.25,1.50
2011.03.11 19:31:54.436,1.35126,1.35154,1.13,1.50
2011.03.11 19:31:54.992,1.35129,1.35156,1.25,1.50
2011.03.11 19:31:56.022,1.35128,1.35156,2.00,1.50
2011.03.11 19:31:56.244,1.3513,1.35156,1.25,1.50
2011.03.11 19:31:59.834,1.3513,1.35157,1.25,1.50
2011.03.11 19:32:00.383,1.3513,1.35159,1.25,1.50
2011.03.11 19:32:00.714,1.35129,1.35159,1.25,1.50
2011.03.11 19:32:01.263,1.3513,1.35159,1.25,1.50
2011.03.11 19:32:02.855,1.3513,1.35159,1.63,1.50
2011.03.11 19:32:03.305,1.35135,1.35165,1.25,1.50
2011.03.11 19:32:11.362,1.35137,1.35166,1.25,1.50
2011.03.11 19:32:12.063,1.35137,1.35166,1.25,1.50
2011.03.11 19:32:12.722,1.35137,1.35166,1.25,1.50
2011.03.11 19:32:15.594,1.35137,1.35166,1.25,1.50
2011.03.11 19:32:16.183,1.35137,1.35166,1.25,1.50
2011.03.11 19:32:17.173,1.35137,1.35166,1.25,1.50
2011.03.11 19:32:17.964,1.35135,1.35166,2.00,1.50
2011.03.11 19:32:18.407,1.35134,1.35165,1.25,1.69
2011.03.11 19:32:18.634,1.35134,1.35166,1.25,1.50
2011.03.11 19:32:18.964,1.35133,1.35166,2.00,1.50
2011.03.11 19:32:19.185,1.35134,1.35166,1.25,1.50
2011.03.11 19:32:20.100,1.35134,1.35166,1.25,1.50
2011.03.11 19:32:21.444,1.35133,1.35166,2.38,1.50
2011.03.11 19:32:24.896,1.35133,1.35166,1.25,3.75
2011.03.11 19:32:25.017,1.35132,1.35162,1.25,1.50
2011.03.11 19:32:25.714,1.35131,1.3516,1.25,1.50
2011.03.11 19:32:26.264,1.35131,1.3516,1.25,1.50
2011.03.11 19:32:30.344,1.35131,1.3516,1.25,1.50
2011.03.11 19:32:30.674,1.35131,1.3516,1.25,1.50
2011.03.11 19:32:31.225,1.35131,1.3516,1.25,1.50
2011.03.11 19:32:31.773,1.35131,1.3516,1.25,1.50
2011.03.11 19:32:32.852,1.35131,1.3516,1.25,1.50
2011.03.11 19:32:35.824,1.3513,1.35157,1.25,1.50
2011.03.11 19:32:36.045,1.35127,1.35157,1.25,2.25
2011.03.11 19:32:36.375,1.35122,1.35149,2.25,1.50
2011.03.11 19:32:36.486,1.35119,1.35149,1.25,2.25
2011.03.11 19:32:37.993,1.35119,1.35149,1.25,1.50
2011.03.11 19:32:38.213,1.35119,1.35149,3.58,1.50
2011.03.11 19:32:39.794,1.35119,1.35149,3.58,1.50
2011.03.11 19:32:40.436,1.35122,1.35154,1.63,1.50
2011.03.11 19:32:40.561,1.35122,1.35151,1.63,1.69
2011.03.11 19:32:41.114,1.35126,1.35153,1.25,1.69
2011.03.11 19:32:43.743,1.35126,1.35153,1.25,1.50
2011.03.11 19:32:43.966,1.35128,1.35158,1.25,1.50
2011.03.11 19:32:44.413,1.35128,1.35158,1.25,1.50
2011.03.11 19:32:45.183,1.3513,1.35158,1.58,1.50
2011.03.11 19:32:45.405,1.35133,1.35159,1.50,1.50
2011.03.11 19:32:45.516,1.35133,1.35159,1.69,1.50
2011.03.11 19:32:47.733,1.3513,1.35158,3.08,1.69
2011.03.11 19:32:48.869,1.35128,1.35158,1.25,1.69
2011.03.11 19:32:56.598,1.35128,1.35158,1.25,1.50
2011.03.11 19:32:57.597,1.35134,1.35163,1.25,1.50
2011.03.11 19:32:59.335,1.35138,1.35164,1.13,1.50
2011.03.11 19:32:59.454,1.35141,1.35167,1.25,1.69
2011.03.11 19:33:00.004,1.3514,1.35167,1.25,1.69
2011.03.11 19:33:00.226,1.35149,1.35172,1.32,1.50
2011.03.11 19:33:00.345,1.35152,1.35179,1.25,1.32
2011.03.11 19:33:00.895,1.35153,1.3518,1.25,1.69
2011.03.11 19:33:01.442,1.35152,1.3518,1.25,1.69
2011.03.11 19:33:01.882,1.35152,1.3518,1.25,1.69
2011.03.11 19:33:06.082,1.35155,1.3518,1.25,1.69
2011.03.11 19:33:06.634,1.35155,1.3518,1.25,1.69
2011.03.11 19:33:08.393,1.35155,1.3518,1.25,1.69
2011.03.11 19:33:08.943,1.35155,1.3518,1.25,1.69
2011.03.11 19:33:10.853,1.35155,1.3518,1.25,1.69
2011.03.11 19:33:11.422,1.35155,1.3518,1.25,1.69
2011.03.11 19:33:11.972,1.35152,1.3518,1.25,2.44
2011.03.11 19:33:12.523,1.35151,1.3518,2.00,2.44
2011.03.11 19:33:12.743,1.35153,1.3518,1.25,2.44
2011.03.11 19:33:13.515,1.35153,1.3518,1.44,1.50
2011.03.11 19:33:14.066,1.35153,1.3518,2.94,1.50
2011.03.11 19:33:14.396,1.35156,1.35182,2.00,1.50
2011.03.11 19:33:15.136,1.35155,1.35183,2.19,1.50
2011.03.11 19:33:15.585,1.35156,1.35183,1.25,1.50
2011.03.11 19:33:16.135,1.35156,1.35183,2.00,1.50
2011.03.11 19:33:16.576,1.35169,1.35185,1.69,1.50
2011.03.11 19:33:16.696,1.3517,1.35195,1.81,1.58
2011.03.11 19:33:16.914,1.35169,1.35197,1.44,2.33
2011.03.11 19:33:17.465,1.3517,1.35199,1.25,1.69
2011.03.11 19:33:17.685,1.35171,1.35199,1.13,1.69
2011.03.11 19:33:18.015,1.35175,1.35199,1.25,1.69
2011.03.11 19:33:18.344,1.35175,1.35199,1.25,1.69
2011.03.11 19:33:21.358,1.35175,1.35204,1.25,2.44
2011.03.11 19:33:22.135,1.3517,1.35198,1.25,1.69
2011.03.11 19:33:28.403,1.35168,1.35197,1.25,1.69
2011.03.11 19:33:29.163,1.35168,1.35198,1.25,2.44
2011.03.11 19:33:31.602,1.35168,1.35198,1.25,1.69
2011.03.11 19:33:36.234,1.35169,1.35198,1.44,1.50
2011.03.11 19:33:36.673,1.35173,1.352,1.44,1.50
2011.03.11 19:33:36.784,1.35174,1.352,2.44,1.50
2011.03.11 19:33:37.006,1.35175,1.35204,2.08,1.50
2011.03.11 19:33:37.563,1.35174,1.35204,1.25,1.50
2011.03.11 19:33:38.976,1.35175,1.35204,1.25,1.50
2011.03.11 19:33:39.096,1.3518,1.35209,1.25,1.50
2011.03.11 19:33:39.654,1.35179,1.35209,1.25,2.44
2011.03.11 19:33:40.585,1.35179,1.35203,1.25,1.69
2011.03.11 19:33:40.914,1.35176,1.35206,1.25,1.69
2011.03.11 19:33:41.684,1.35179,1.35206,1.44,1.50
2011.03.11 19:33:42.102,1.35179,1.35206,2.19,1.50
2011.03.11 19:33:42.720,1.35179,1.35209,4.06,1.69
2011.03.11 19:33:46.484,1.35182,1.35209,1.25,1.69
2011.03.11 19:33:46.593,1.35183,1.35209,1.25,1.69
2011.03.11 19:33:47.562,1.3518,1.35209,1.44,1.69
2011.03.11 19:33:48.773,1.3518,1.35209,1.44,1.69
2011.03.11 19:33:48.882,1.3518,1.35209,1.44,1.69
2011.03.11 19:33:49.216,1.3518,1.35202,1.25,1.69
2011.03.11 19:33:49.554,1.35177,1.35198,1.25,1.69
2011.03.11 19:33:51.473,1.35172,1.35198,1.25,1.69
2011.03.11 19:33:52.527,1.35172,1.35198,1.63,1.69
2011.03.11 19:33:53.346,1.35172,1.35198,1.63,1.69
2011.03.11 19:33:55.823,1.35173,1.35202,1.25,1.50
2011.03.11 19:33:56.484,1.35172,1.35202,2.00,1.50
2011.03.11 19:33:57.153,1.35169,1.35198,2.19,1.50
2011.03.11 19:34:04.922,1.35169,1.35198,2.19,1.50
2011.03.11 19:34:08.033,1.35167,1.35198,1.25,1.50
2011.03.11 19:34:08.364,1.35166,1.35196,2.08,1.88
2011.03.11 19:34:08.474,1.35164,1.35193,1.25,1.50
2011.03.11 19:34:08.583,1.35161,1.35194,1.44,1.50
2011.03.11 19:34:09.244,1.35164,1.35193,2.00,1.50
2011.03.11 19:34:09.353,1.35166,1.35193,1.25,1.50
2011.03.11 19:34:09.903,1.35168,1.35197,1.25,1.50
2011.03.11 19:34:10.457,1.35168,1.35197,1.25,1.50
2011.03.11 19:34:11.095,1.35163,1.35192,1.25,1.50
2011.03.11 19:34:11.316,1.35163,1.35192,1.25,1.50
2011.03.11 19:34:12.754,1.35162,1.35192,1.25,1.50
2011.03.11 19:34:13.533,1.35163,1.35192,1.25,1.50
2011.03.11 19:34:13.644,1.35164,1.35194,1.25,2.25
2011.03.11 19:34:14.085,1.35167,1.35196,1.25,2.25
2011.03.11 19:34:14.668,1.35167,1.35195,1.25,1.50
2011.03.11 19:34:15.354,1.3517,1.35196,1.50,2.25
2011.03.11 19:34:15.575,1.35172,1.35201,1.25,1.88
2011.03.11 19:34:15.905,1.35168,1.35196,2.83,1.50
2011.03.11 19:34:17.395,1.35165,1.35196,2.83,1.50
2011.03.11 19:34:17.942,1.35166,1.35193,1.25,1.50
2011.03.11 19:34:19.513,1.35166,1.35194,2.83,1.50
2011.03.11 19:34:20.212,1.35166,1.35194,2.83,2.25
2011.03.11 19:34:22.694,1.35166,1.35194,2.83,1.50
2011.03.11 19:34:22.802,1.35166,1.35194,2.83,1.50
2011.03.11 19:34:25.796,1.35166,1.35192,2.83,1.50
2011.03.11 19:34:25.808,1.35166,1.35191,2.08,1.50
2011.03.11 19:34:25.932,1.35155,1.35184,1.50,1.50
2011.03.11 19:34:27.735,1.35156,1.35184,2.33,1.50
2011.03.11 19:34:27.954,1.35157,1.35186,2.19,1.50
2011.03.11 19:34:28.064,1.35158,1.35188,1.50,1.50
2011.03.11 19:34:28.618,1.35157,1.35186,3.01,1.50
2011.03.11 19:34:28.954,1.35157,1.35186,2.26,1.50
2011.03.11 19:34:29.283,1.35157,1.35186,1.25,1.50
2011.03.11 19:34:30.465,1.35155,1.35186,2.00,1.50
2011.03.11 19:34:33.294,1.35155,1.35181,1.50,1.50
2011.03.11 19:34:34.277,1.35151,1.35179,1.25,2.07
2011.03.11 19:34:34.401,1.3515,1.35177,1.25,1.50
2011.03.11 19:34:34.739,1.35144,1.35177,2.00,1.13
2011.03.11 19:34:34.855,1.35146,1.35177,1.50,1.13
2011.03.11 19:34:35.183,1.35146,1.35175,1.50,2.25
2011.03.11 19:34:36.223,1.35147,1.35175,1.69,1.50
2011.03.11 19:34:36.443,1.35146,1.35175,1.69,2.25
2011.03.11 19:34:36.555,1.35148,1.35177,1.44,1.69
2011.03.11 19:34:36.665,1.35151,1.35178,1.69,2.25
2011.03.11 19:34:37.213,1.35151,1.35177,1.69,1.50
2011.03.11 19:34:37.856,1.35151,1.35178,1.69,2.25
2011.03.11 19:34:41.845,1.35149,1.35177,1.69,1.50
2011.03.11 19:34:41.955,1.35148,1.35177,1.25,1.50
2011.03.11 19:34:51.794,1.35146,1.35174,1.69,1.69
2011.03.11 19:34:52.123,1.35146,1.35172,1.69,1.50
2011.03.11 19:34:52.347,1.35143,1.3517,1.25,1.50
2011.03.11 19:34:52.468,1.3514,1.35169,1.69,1.50
2011.03.11 19:34:53.025,1.35139,1.35169,1.69,1.50
2011.03.11 19:34:53.354,1.35143,1.35169,1.69,1.50
2011.03.11 19:34:58.535,1.35143,1.35172,1.69,1.50
2011.03.11 19:34:59.984,1.3515,1.35172,1.69,1.50
2011.03.11 19:35:00.313,1.3515,1.35175,1.69,1.50
2011.03.11 19:35:03.792,1.35147,1.35178,1.25,1.50
2011.03.11 19:35:09.485,1.35147,1.35177,1.25,1.50
2011.03.11 19:35:10.034,1.35145,1.35173,1.25,1.50
2011.03.11 19:35:10.362,1.35145,1.35174,3.58,1.50
2011.03.11 19:35:19.727,1.35145,1.35174,3.58,1.50
2011.03.11 19:35:21.485,1.35147,1.35176,1.25,1.50
2011.03.11 19:35:21.598,1.35154,1.35178,1.50,1.50
2011.03.11 19:35:22.043,1.35147,1.35176,1.25,1.50
2011.03.11 19:35:23.605,1.35162,1.35178,1.88,1.50
2011.03.11 19:35:23.715,1.35161,1.35182,1.25,2.25
2011.03.11 19:35:23.826,1.35161,1.35192,1.25,3.08
2011.03.11 19:35:23.948,1.3516,1.35187,1.77,1.50
2011.03.11 19:35:26.796,1.35165,1.35187,2.52,1.50
2011.03.11 19:35:27.136,1.3516,1.3519,3.76,1.50
2011.03.11 19:35:27.255,1.35162,1.3519,1.69,1.50
2011.03.11 19:35:27.803,1.35166,1.35194,1.58,1.50
2011.03.11 19:35:29.389,1.35166,1.35194,1.58,1.50
2011.03.11 19:35:29.723,1.35164,1.35194,3.76,1.50
2011.03.11 19:35:29.945,1.35164,1.35191,1.77,1.50
2011.03.11 19:35:30.476,1.35166,1.35191,1.58,1.50
2011.03.11 19:35:33.315,1.35166,1.35191,1.58,1.50
2011.03.11 19:35:33.863,1.35163,1.35191,2.52,1.50
2011.03.11 19:35:38.205,1.35162,1.35188,3.27,1.50
2011.03.11 19:35:38.752,1.35162,1.35188,3.27,1.50
2011.03.11 19:35:39.354,1.35164,1.35193,3.76,1.50
2011.03.11 19:35:39.947,1.35164,1.35193,3.01,1.50
2011.03.11 19:35:40.463,1.35164,1.35193,3.76,1.50
2011.03.11 19:35:41.483,1.35164,1.35193,3.01,1.50
2011.03.11 19:35:41.703,1.35165,1.35193,1.69,1.50
2011.03.11 19:35:41.924,1.35164,1.35193,3.01,1.50
2011.03.11 19:35:42.153,1.35165,1.35193,1.69,1.50
2011.03.11 19:35:44.103,1.35165,1.35193,2.52,1.50
2011.03.11 19:35:44.564,1.35165,1.35193,2.52,1.50
2011.03.11 19:35:44.893,1.35165,1.35193,2.52,1.50
2011.03.11 19:35:55.433,1.35165,1.35194,2.52,2.25
2011.03.11 19:35:56.343,1.35165,1.35193,2.52,1.50
2011.03.11 19:35:58.163,1.35165,1.35193,1.77,1.50
2011.03.11 19:35:58.497,1.35163,1.35193,1.25,1.50
2011.03.11 19:35:59.043,1.35163,1.35193,2.00,1.50
2011.03.11 19:36:00.494,1.35164,1.35193,1.25,1.50
2011.03.11 19:36:01.236,1.35163,1.35191,1.25,1.69
2011.03.11 19:36:01.782,1.35163,1.35191,2.00,1.69
2011.03.11 19:36:02.004,1.35164,1.35191,1.25,1.69
2011.03.11 19:36:02.758,1.35163,1.35191,1.25,1.69
2011.03.11 19:36:10.516,1.3517,1.35194,1.69,1.50
2011.03.11 19:36:11.644,1.35168,1.35195,2.94,1.50
2011.03.11 19:36:11.756,1.35167,1.35195,2.08,1.50
2011.03.11 19:36:13.575,1.35162,1.35189,1.44,1.50
2011.03.11 19:36:13.685,1.35162,1.35189,1.25,1.50
2011.03.11 19:36:14.260,1.3516,1.35189,2.00,1.50
2011.03.11 19:36:15.164,1.3516,1.35189,2.00,1.50
2011.03.11 19:36:16.359,1.3516,1.35189,1.25,1.50
2011.03.11 19:36:18.943,1.3516,1.35189,1.25,1.50
2011.03.11 19:36:25.887,1.3516,1.35188,1.25,1.88
2011.03.11 19:36:26.117,1.35153,1.35183,2.00,1.50
2011.03.11 19:36:26.344,1.35151,1.35183,1.25,1.13
2011.03.11 19:36:28.788,1.35152,1.3518,1.25,1.50
2011.03.11 19:36:29.228,1.35152,1.3518,1.25,1.50
2011.03.11 19:36:29.674,1.35152,1.3518,1.25,1.50
2011.03.11 19:36:30.615,1.35152,1.3518,1.25,1.50
2011.03.11 19:36:36.983,1.35152,1.3518,1.25,1.50
2011.03.11 19:36:41.334,1.35152,1.3518,1.25,2.44
2011.03.11 19:36:41.553,1.35152,1.35179,1.25,1.50
2011.03.11 19:36:42.513,1.35152,1.35179,1.25,1.50
2011.03.11 19:36:42.736,1.35148,1.35176,1.25,1.50
2011.03.11 19:36:46.177,1.35148,1.35176,2.00,1.50
2011.03.11 19:36:49.346,1.35149,1.35179,1.25,2.25
2011.03.11 19:36:52.896,1.35149,1.35179,1.25,1.50
2011.03.11 19:36:53.224,1.35149,1.35179,2.00,2.25
2011.03.11 19:36:53.669,1.35151,1.35179,1.88,1.50
2011.03.11 19:36:53.897,1.35156,1.35183,1.25,2.33
2011.03.11 19:36:54.125,1.35155,1.35183,1.25,2.33
2011.03.11 19:36:54.739,1.35155,1.35186,1.25,1.69
2011.03.11 19:36:54.964,1.35155,1.35186,1.25,1.69
2011.03.11 19:37:00.542,1.35155,1.35186,2.00,1.69
2011.03.11 19:37:00.871,1.35155,1.35186,2.00,1.69
2011.03.11 19:37:05.213,1.35155,1.35185,2.19,1.69
2011.03.11 19:37:06.262,1.35155,1.35185,2.19,1.69
2011.03.11 19:37:12.806,1.35155,1.35185,1.25,1.69
2011.03.11 19:37:13.143,1.35152,1.35182,1.25,2.44
2011.03.11 19:37:19.324,1.35153,1.35182,1.44,1.50
2011.03.11 19:37:20.660,1.35152,1.35182,1.25,1.50
2011.03.11 19:37:24.634,1.35152,1.35182,1.63,1.50
2011.03.11 19:37:24.965,1.35153,1.35182,2.00,1.50
2011.03.11 19:37:25.193,1.35153,1.35183,2.83,2.25
2011.03.11 19:37:25.522,1.35152,1.35182,1.25,1.88
2011.03.11 19:37:25.632,1.35148,1.35178,2.19,1.50
2011.03.11 19:37:26.483,1.35148,1.35178,2.19,1.50
2011.03.11 19:37:26.703,1.35148,1.35178,2.19,1.50
2011.03.11 19:37:27.093,1.35148,1.35178,2.19,1.50
2011.03.11 19:37:28.004,1.35151,1.35181,1.25,1.50
2011.03.11 19:37:28.223,1.35151,1.35181,1.25,1.50
2011.03.11 19:37:29.174,1.35152,1.35181,1.25,1.50
2011.03.11 19:37:29.283,1.35151,1.35181,1.25,1.50
2011.03.11 19:37:29.504,1.35148,1.35178,2.19,1.50
2011.03.11 19:37:30.932,1.35148,1.35178,1.25,1.50
2011.03.11 19:37:31.482,1.35149,1.35178,1.25,1.50
2011.03.11 19:37:52.154,1.35148,1.35178,1.25,1.50
2011.03.11 19:37:52.264,1.35145,1.35173,1.44,1.50
2011.03.11 19:37:52.812,1.35146,1.35173,1.25,1.50
2011.03.11 19:37:53.503,1.35144,1.35173,3.76,1.50
2011.03.11 19:37:55.552,1.35142,1.3517,2.00,1.50
2011.03.11 19:37:56.325,1.3514,1.3517,1.25,1.50
2011.03.11 19:37:56.446,1.35139,1.35167,3.19,1.50
2011.03.11 19:37:57.002,1.35138,1.35167,1.44,1.50
2011.03.11 19:38:00.224,1.35137,1.35161,4.02,1.50
2011.03.11 19:38:00.333,1.35137,1.35161,2.25,1.50
2011.03.11 19:38:00.552,1.35134,1.35161,1.25,1.50
2011.03.11 19:38:01.224,1.35141,1.35163,1.50,1.50
2011.03.11 19:38:01.445,1.35142,1.35169,1.69,1.50
2011.03.11 19:38:02.002,1.35139,1.3517,2.19,2.25
2011.03.11 19:38:02.113,1.35142,1.35171,1.25,1.50
2011.03.11 19:38:04.453,1.35144,1.35172,1.50,1.50
2011.03.11 19:38:06.037,1.35146,1.35174,1.25,2.07
2011.03.11 19:38:06.155,1.35143,1.35173,1.50,1.69
2011.03.11 19:38:06.712,1.35142,1.35169,1.25,1.50
2011.03.11 19:38:07.543,1.35142,1.3517,1.25,2.25
2011.03.11 19:38:07.984,1.35143,1.3517,2.33,2.25
2011.03.11 19:38:08.094,1.35145,1.3517,1.50,2.25
2011.03.11 19:38:08.705,1.35147,1.3517,1.50,1.50
2011.03.11 19:38:11.285,1.35142,1.3517,1.25,1.50
2011.03.11 19:38:11.513,1.35139,1.35167,2.25,2.63
2011.03.11 19:38:11.952,1.35136,1.35165,2.00,2.44
2011.03.11 19:38:12.063,1.35136,1.35162,1.50,1.50
2011.03.11 19:38:13.267,1.35134,1.35163,1.44,1.50
2011.03.11 19:38:14.214,1.35134,1.35163,2.94,1.50
2011.03.11 19:38:14.435,1.35138,1.35166,1.25,1.50
2011.03.11 19:38:15.082,1.35141,1.35168,1.25,1.50
2011.03.11 19:38:15.201,1.35145,1.35171,1.50,1.50
2011.03.11 19:38:19.584,1.35145,1.35175,1.25,2.25
2011.03.11 19:38:19.805,1.35145,1.35173,1.25,1.69
2011.03.11 19:38:20.363,1.35145,1.35172,1.25,1.50
2011.03.11 19:38:21.017,1.35145,1.35172,1.25,1.50
2011.03.11 19:38:21.575,1.35148,1.35179,1.69,2.44
2011.03.11 19:38:22.014,1.3515,1.35179,1.25,2.44
2011.03.11 19:38:29.216,1.35153,1.35182,1.63,1.50
2011.03.11 19:38:29.562,1.35153,1.35182,2.38,1.50
