2016.02.02 04:00:00.230,1.52545,1.52568,1.00,1.00
2016.02.02 04:00:00.932,1.52545,1.5257,1.00,1.87
2016.02.02 04:00:01.085,1.52544,1.52566,1.00,1.00
2016.02.02 04:00:01.388,1.52543,1.52564,1.00,1.00
2016.02.02 04:00:02.431,1.52543,1.52559,1.00,1.00
2016.02.02 04:00:06.066,1.52544,1.52559,1.00,1.00
2016.02.02 04:00:07.479,1.52543,1.52559,1.00,1.00
2016.02.02 04:00:08.469,1.52542,1.52559,1.00,1.00
2016.02.02 04:00:09.272,1.52543,1.52559,1.00,1.00
2016.02.02 04:00:09.374,1.5254,1.52559,1.00,1.00
2016.02.02 04:00:09.680,1.5254,1.52556,1.00,1.00
2016.02.02 04:00:09.731,1.52536,1.52556,1.00,1.00
2016.02.02 04:00:10.274,1.52535,1.52556,1.00,1.00
2016.02.02 04:00:10.326,1.52535,1.52554,1.00,1.00
2016.02.02 04:00:12.011,1.52534,1.52554,1.00,1.00
2016.02.02 04:00:12.351,1.52536,1.52554,1.00,1.00
2016.02.02 04:00:13.790,1.52535,1.52554,1.00,1.00
2016.02.02 04:00:14.297,1.52536,1.52554,1.00,1.00
2016.02.02 04:00:15.512,1.52535,1.52554,1.00,1.00
2016.02.02 04:00:15.960,1.52536,1.52551,1.00,1.00
2016.02.02 04:00:16.425,1.52535,1.52549,1.00,1.00
2016.02.02 04:00:17.298,1.52535,1.52551,1.00,1.00
2016.02.02 04:00:19.764,1.52535,1.52555,1.00,1.00
2016.02.02 04:00:19.921,1.52537,1.52555,1.00,1.00
2016.02.02 04:00:20.429,1.52536,1.52555,1.00,1.00
2016.02.02 04:00:21.343,1.52535,1.52555,1.00,1.00
2016.02.02 04:00:22.055,1.52535,1.52556,1.00,1.00
2016.02.02 04:00:24.044,1.52536,1.52556,1.00,1.00
2016.02.02 04:00:24.197,1.52536,1.52559,1.00,1.00
2016.02.02 04:00:24.707,1.52537,1.52562,1.00,1.00
2016.02.02 04:00:24.758,1.52541,1.52562,1.00,1.00
2016.02.02 04:00:24.861,1.52539,1.52564,1.00,1.00
2016.02.02 04:00:25.365,1.5254,1.52564,1.12,1.00
2016.02.02 04:00:25.518,1.5254,1.5257,1.12,1.00
2016.02.02 04:00:25.570,1.52542,1.5257,1.12,1.00
2016.02.02 04:00:25.876,1.52546,1.52567,1.00,1.00
2016.02.02 04:00:25.978,1.52543,1.52565,1.12,1.00
2016.02.02 04:00:30.726,1.5254,1.52565,1.75,1.00
2016.02.02 04:00:30.879,1.5254,1.52562,1.50,1.00
2016.02.02 04:00:37.922,1.52539,1.52559,1.75,1.00
2016.02.02 04:00:38.024,1.52539,1.52559,1.00,1.00
2016.02.02 04:00:38.567,1.52536,1.52559,1.75,1.00
2016.02.02 04:00:38.872,1.52536,1.52557,1.75,1.00
2016.02.02 04:00:39.026,1.52534,1.52557,1.00,1.00
2016.02.02 04:00:39.554,1.52532,1.52557,1.50,1.00
2016.02.02 04:00:40.176,1.52534,1.52557,1.00,1.00
2016.02.02 04:00:43.248,1.52535,1.52557,1.00,1.00
2016.02.02 04:00:43.777,1.52534,1.52557,1.00,1.00
2016.02.02 04:00:46.968,1.52533,1.52557,1.12,1.00
2016.02.02 04:00:49.565,1.52533,1.52556,1.12,1.00
2016.02.02 04:00:50.117,1.52532,1.52556,1.00,1.00
2016.02.02 04:00:50.817,1.52533,1.52556,1.00,1.00
2016.02.02 04:00:51.327,1.52532,1.52556,1.50,1.00
2016.02.02 04:00:52.208,1.52532,1.52554,1.50,1.00
2016.02.02 04:00:52.309,1.52532,1.52556,1.00,1.00
2016.02.02 04:00:53.133,1.52533,1.52556,1.00,1.00
2016.02.02 04:00:53.370,1.52533,1.52559,1.00,1.00
2016.02.02 04:00:53.935,1.52533,1.52556,1.00,1.00
2016.02.02 04:00:54.139,1.52533,1.52559,1.00,1.00
2016.02.02 04:00:54.241,1.52535,1.52559,1.00,1.00
2016.02.02 04:00:55.245,1.52534,1.52559,1.00,1.00
2016.02.02 04:00:55.552,1.52535,1.52559,1.50,1.00
2016.02.02 04:00:59.250,1.52536,1.5256,1.87,1.00
2016.02.02 04:00:59.757,1.52538,1.5256,1.00,1.00
2016.02.02 04:01:00.857,1.52537,1.5256,1.50,1.00
2016.02.02 04:01:01.960,1.52538,1.5256,1.00,1.00
2016.02.02 04:01:02.469,1.52538,1.5256,1.50,1.00
2016.02.02 04:01:02.992,1.5254,1.5256,1.00,1.00
2016.02.02 04:01:03.554,1.5254,1.52563,1.00,1.00
2016.02.02 04:01:03.605,1.5254,1.52567,1.00,1.00
2016.02.02 04:01:03.707,1.52541,1.52567,1.37,1.00
2016.02.02 04:01:03.911,1.52543,1.5257,1.00,1.00
2016.02.02 04:01:04.014,1.52543,1.5257,1.75,1.00
2016.02.02 04:01:04.341,1.52549,1.52572,1.00,1.00
2016.02.02 04:01:04.899,1.52545,1.52572,2.25,1.00
2016.02.02 04:01:05.204,1.52551,1.52576,1.00,1.50
2016.02.02 04:01:05.461,1.52556,1.52577,1.00,1.50
2016.02.02 04:01:05.767,1.52558,1.52578,1.00,1.00
2016.02.02 04:01:06.594,1.52558,1.52579,1.00,1.00
2016.02.02 04:01:06.800,1.52557,1.52582,1.00,1.50
2016.02.02 04:01:06.902,1.5256,1.52582,1.00,1.00
2016.02.02 04:01:07.207,1.52563,1.52583,1.00,1.00
2016.02.02 04:01:07.709,1.52563,1.52584,1.00,1.00
2016.02.02 04:01:07.912,1.52563,1.52586,1.00,1.00
2016.02.02 04:01:08.420,1.52563,1.52585,1.00,1.00
2016.02.02 04:01:08.616,1.52563,1.52587,1.00,2.25
2016.02.02 04:01:09.025,1.52564,1.52587,1.50,1.00
2016.02.02 04:01:09.330,1.52569,1.52587,1.00,1.00
2016.02.02 04:01:09.986,1.5257,1.52587,1.00,1.00
2016.02.02 04:01:11.063,1.52571,1.52587,1.00,1.00
2016.02.02 04:01:13.190,1.52572,1.52587,1.00,1.00
2016.02.02 04:01:15.066,1.52574,1.52587,1.00,1.00
2016.02.02 04:01:15.320,1.52574,1.5259,1.00,1.00
2016.02.02 04:01:15.371,1.52574,1.52593,1.00,1.00
2016.02.02 04:01:15.423,1.52574,1.52597,1.00,1.00
2016.02.02 04:01:15.576,1.52572,1.52598,1.00,1.50
2016.02.02 04:01:15.729,1.52572,1.52596,1.00,1.00
2016.02.02 04:01:16.231,1.52572,1.52597,1.00,1.00
2016.02.02 04:01:17.215,1.52572,1.52598,1.00,2.25
2016.02.02 04:01:17.729,1.52571,1.52598,1.00,1.00
2016.02.02 04:01:18.248,1.52571,1.52599,1.00,1.00
2016.02.02 04:01:18.931,1.52571,1.52598,1.00,1.00
2016.02.02 04:01:19.440,1.52571,1.52597,1.00,1.00
2016.02.02 04:01:19.992,1.52571,1.52598,1.00,1.00
2016.02.02 04:01:20.718,1.52571,1.52599,1.00,1.00
2016.02.02 04:01:21.237,1.52571,1.526,1.75,2.25
2016.02.02 04:01:21.755,1.52571,1.52599,1.75,1.00
2016.02.02 04:01:22.161,1.52571,1.52597,1.00,1.00
2016.02.02 04:01:22.466,1.52571,1.52595,1.00,1.00
2016.02.02 04:01:22.618,1.52571,1.52597,1.00,1.50
2016.02.02 04:01:23.311,1.52571,1.52598,1.00,1.87
2016.02.02 04:01:23.819,1.52572,1.52599,1.00,1.00
2016.02.02 04:01:24.068,1.52574,1.52599,1.00,1.00
2016.02.02 04:01:24.831,1.52575,1.52599,1.00,1.00
2016.02.02 04:01:25.160,1.52582,1.52599,1.00,1.00
2016.02.02 04:01:25.414,1.52587,1.52611,1.00,1.00
2016.02.02 04:01:25.922,1.52584,1.52611,1.87,1.00
2016.02.02 04:01:26.219,1.52583,1.52615,1.12,1.50
2016.02.02 04:01:26.728,1.52586,1.5262,3.37,1.87
2016.02.02 04:01:26.830,1.52592,1.52621,1.00,1.00
2016.02.02 04:01:27.165,1.52591,1.5262,1.00,1.37
2016.02.02 04:01:27.268,1.52589,1.52618,1.50,1.00
2016.02.02 04:01:27.779,1.52589,1.52621,1.00,3.37
2016.02.02 04:01:28.185,1.52591,1.52621,1.00,2.62
2016.02.02 04:01:30.340,1.52593,1.52621,1.00,1.87
2016.02.02 04:01:30.695,1.5259,1.52621,1.00,1.87
2016.02.02 04:01:31.000,1.52594,1.52621,1.00,1.87
2016.02.02 04:01:32.447,1.52594,1.52621,1.00,1.75
2016.02.02 04:01:32.499,1.52594,1.52621,1.00,1.50
2016.02.02 04:01:33.259,1.52592,1.5262,1.00,1.12
2016.02.02 04:01:33.462,1.52594,1.5262,1.00,1.12
2016.02.02 04:01:33.768,1.52599,1.52625,1.00,1.37
2016.02.02 04:01:34.004,1.52599,1.52627,1.00,1.37
2016.02.02 04:01:34.412,1.52596,1.52624,1.75,1.00
2016.02.02 04:01:34.718,1.52596,1.52626,1.75,1.50
2016.02.02 04:01:36.636,1.52596,1.52625,1.75,1.00
2016.02.02 04:01:38.387,1.52596,1.52626,1.75,1.12
2016.02.02 04:01:39.084,1.52596,1.52624,1.75,1.00
2016.02.02 04:01:39.343,1.52596,1.52624,1.12,1.00
2016.02.02 04:01:39.445,1.52598,1.52624,1.00,1.00
2016.02.02 04:01:39.981,1.52598,1.52625,1.00,1.00
2016.02.02 04:01:40.032,1.52595,1.52625,1.50,1.00
2016.02.02 04:01:40.084,1.52595,1.52621,1.50,1.00
2016.02.02 04:01:41.620,1.52595,1.52623,1.50,1.00
2016.02.02 04:01:41.882,1.52598,1.52623,1.00,1.00
2016.02.02 04:01:42.188,1.526,1.52623,1.00,1.00
2016.02.02 04:01:42.543,1.526,1.52626,1.00,1.50
2016.02.02 04:01:43.053,1.526,1.52627,1.00,1.12
2016.02.02 04:01:46.152,1.52603,1.5263,1.00,1.87
2016.02.02 04:01:46.458,1.52603,1.52631,1.00,1.87
2016.02.02 04:01:46.764,1.52606,1.52631,1.00,1.87
2016.02.02 04:01:46.964,1.52606,1.52633,1.00,1.37
2016.02.02 04:01:47.982,1.52609,1.52633,1.00,1.87
2016.02.02 04:01:48.135,1.52609,1.52635,1.00,1.00
2016.02.02 04:01:49.464,1.52612,1.52636,1.00,1.00
2016.02.02 04:01:49.761,1.52618,1.52644,1.00,1.50
2016.02.02 04:01:49.813,1.5262,1.52645,1.00,1.37
2016.02.02 04:01:50.118,1.52626,1.52648,1.00,1.00
2016.02.02 04:01:50.651,1.52626,1.52649,1.00,1.00
2016.02.02 04:01:51.060,1.52628,1.5265,1.00,1.00
2016.02.02 04:01:53.132,1.52626,1.5265,1.00,1.00
2016.02.02 04:01:53.438,1.52622,1.52649,1.00,1.00
2016.02.02 04:01:53.743,1.52622,1.52646,1.00,1.00
2016.02.02 04:01:54.052,1.52622,1.52644,1.00,1.00
2016.02.02 04:01:54.206,1.52619,1.52644,1.50,1.00
2016.02.02 04:01:54.715,1.52619,1.52643,1.00,1.00
2016.02.02 04:01:55.299,1.52619,1.52642,1.00,1.00
2016.02.02 04:01:55.402,1.52617,1.52642,1.00,1.00
2016.02.02 04:01:55.707,1.52613,1.52642,1.00,1.00
2016.02.02 04:01:55.810,1.52613,1.52638,1.00,1.00
2016.02.02 04:01:56.116,1.52611,1.52636,1.50,1.00
2016.02.02 04:01:56.432,1.52611,1.52633,1.00,1.00
2016.02.02 04:01:56.942,1.52611,1.52634,1.00,1.00
2016.02.02 04:01:58.038,1.52607,1.52634,1.00,1.00
2016.02.02 04:01:58.090,1.52607,1.52632,1.00,1.00
2016.02.02 04:01:58.294,1.52602,1.5263,1.00,1.37
2016.02.02 04:01:58.518,1.52602,1.52629,1.00,1.37
2016.02.02 04:01:58.620,1.52599,1.52629,1.12,1.87
2016.02.02 04:01:58.722,1.52599,1.52627,1.12,1.37
2016.02.02 04:01:59.230,1.52602,1.52628,1.00,1.50
2016.02.02 04:01:59.586,1.52599,1.52627,1.00,1.37
2016.02.02 04:01:59.790,1.52596,1.52627,1.50,2.62
2016.02.02 04:01:59.892,1.52594,1.52623,1.00,1.12
2016.02.02 04:01:59.943,1.52594,1.52619,1.00,1.00
2016.02.02 04:02:00.285,1.52591,1.52619,1.00,1.00
2016.02.02 04:02:00.387,1.52591,1.52617,1.00,1.00
2016.02.02 04:02:00.693,1.52594,1.52617,1.00,1.00
2016.02.02 04:02:00.795,1.52594,1.52619,1.00,1.00
2016.02.02 04:02:01.349,1.52594,1.5262,1.00,1.12
2016.02.02 04:02:03.115,1.5259,1.5262,1.00,1.12
2016.02.02 04:02:03.217,1.52591,1.5262,1.00,3.00
2016.02.02 04:02:03.370,1.52588,1.52617,1.00,1.00
2016.02.02 04:02:03.524,1.52591,1.52617,1.00,1.00
2016.02.02 04:02:03.841,1.52598,1.52624,1.00,1.12
2016.02.02 04:02:04.147,1.526,1.52625,1.00,1.37
2016.02.02 04:02:08.095,1.52598,1.52625,1.00,1.50
2016.02.02 04:02:08.146,1.52594,1.52624,1.50,1.50
2016.02.02 04:02:08.198,1.526,1.52624,1.00,1.50
2016.02.02 04:02:08.707,1.526,1.52625,1.00,1.00
2016.02.02 04:02:09.245,1.52599,1.52625,1.00,1.00
2016.02.02 04:02:12.667,1.52602,1.52626,1.00,1.12
2016.02.02 04:02:13.379,1.52599,1.52626,1.00,1.00
2016.02.02 04:02:13.430,1.52599,1.52626,1.00,1.37
2016.02.02 04:02:13.557,1.52599,1.52626,1.00,1.12
2016.02.02 04:02:13.659,1.52603,1.52626,1.00,1.12
2016.02.02 04:02:14.421,1.52606,1.52626,1.00,1.00
2016.02.02 04:02:14.928,1.52606,1.52627,1.00,1.00
2016.02.02 04:02:15.466,1.52603,1.52626,1.00,1.00
2016.02.02 04:02:15.619,1.526,1.52626,1.50,1.00
2016.02.02 04:02:18.649,1.526,1.52626,1.00,1.50
2016.02.02 04:02:18.752,1.526,1.52626,1.00,1.87
2016.02.02 04:02:19.007,1.526,1.52625,1.00,1.00
2016.02.02 04:02:19.310,1.526,1.52622,1.00,1.00
2016.02.02 04:02:19.970,1.526,1.52623,1.00,1.00
2016.02.02 04:02:24.347,1.52603,1.52623,1.00,1.00
2016.02.02 04:02:24.515,1.52603,1.52627,1.00,1.50
2016.02.02 04:02:25.026,1.52603,1.52627,1.00,1.00
2016.02.02 04:02:25.725,1.526,1.52627,1.00,1.00
2016.02.02 04:02:25.981,1.52603,1.52627,1.00,1.00
2016.02.02 04:02:27.482,1.52603,1.52628,1.00,1.00
2016.02.02 04:02:27.827,1.52606,1.5263,1.00,1.00
2016.02.02 04:02:28.343,1.52606,1.52629,1.00,1.00
2016.02.02 04:02:29.164,1.52606,1.5263,1.00,1.00
2016.02.02 04:02:31.095,1.52606,1.52628,1.00,1.00
2016.02.02 04:02:31.646,1.52606,1.52629,1.00,1.00
2016.02.02 04:02:32.463,1.52606,1.5263,1.00,1.00
2016.02.02 04:02:33.007,1.52605,1.5263,1.00,1.00
2016.02.02 04:02:33.517,1.52605,1.52629,1.00,1.00
2016.02.02 04:02:36.233,1.52607,1.52629,1.00,1.00
2016.02.02 04:02:36.588,1.52607,1.52631,1.00,1.00
2016.02.02 04:02:37.127,1.52608,1.5263,1.00,1.00
2016.02.02 04:02:37.788,1.5261,1.5263,1.00,1.00
2016.02.02 04:02:38.092,1.52612,1.52631,1.00,1.00
2016.02.02 04:02:38.287,1.52612,1.52633,1.00,1.00
2016.02.02 04:02:38.542,1.52612,1.52635,1.00,1.00
2016.02.02 04:02:38.745,1.52612,1.52637,1.00,1.50
2016.02.02 04:02:40.745,1.52616,1.52637,1.00,1.00
2016.02.02 04:02:40.995,1.52619,1.52641,1.00,1.00
2016.02.02 04:02:41.097,1.52619,1.52644,1.00,2.62
2016.02.02 04:02:41.148,1.52622,1.52644,1.00,1.87
2016.02.02 04:02:41.677,1.52622,1.52644,1.00,1.00
2016.02.02 04:02:43.525,1.52622,1.52645,1.00,1.12
2016.02.02 04:02:44.056,1.52622,1.52644,1.00,1.00
2016.02.02 04:02:45.336,1.52622,1.52649,1.00,1.75
2016.02.02 04:02:46.277,1.52623,1.52649,1.00,2.25
2016.02.02 04:02:46.683,1.52621,1.52647,1.00,1.37
2016.02.02 04:02:47.031,1.52621,1.52645,1.00,1.37
2016.02.02 04:02:47.811,1.52623,1.52644,1.00,1.00
2016.02.02 04:02:49.597,1.52621,1.52645,1.31,1.50
2016.02.02 04:02:50.122,1.52621,1.52644,1.31,1.50
2016.02.02 04:02:50.991,1.52621,1.52644,1.00,1.50
2016.02.02 04:02:51.731,1.52621,1.52644,1.00,1.75
2016.02.02 04:02:52.088,1.52618,1.52643,1.00,1.12
2016.02.02 04:02:52.191,1.52618,1.52643,1.00,2.25
2016.02.02 04:02:52.735,1.52618,1.52641,1.00,1.75
2016.02.02 04:02:54.851,1.52621,1.52641,1.00,1.50
2016.02.02 04:02:55.156,1.52627,1.52648,1.00,1.87
2016.02.02 04:02:55.258,1.5263,1.5265,1.00,1.50
2016.02.02 04:02:55.614,1.5263,1.52652,1.00,1.00
2016.02.02 04:02:56.122,1.5263,1.52654,1.00,3.00
2016.02.02 04:02:57.760,1.5263,1.52654,1.25,1.87
2016.02.02 04:03:00.380,1.52632,1.52654,1.00,1.12
2016.02.02 04:03:03.663,1.52637,1.52653,1.00,1.50
2016.02.02 04:03:03.919,1.5264,1.52661,1.00,1.37
2016.02.02 04:03:03.970,1.52642,1.52661,1.00,1.00
2016.02.02 04:03:04.073,1.52642,1.52664,1.00,1.50
2016.02.02 04:03:04.277,1.52642,1.52666,1.00,1.12
2016.02.02 04:03:07.291,1.52645,1.52666,1.00,1.12
2016.02.02 04:03:07.634,1.52642,1.52667,1.00,1.50
2016.02.02 04:03:08.143,1.52642,1.52667,1.00,1.87
2016.02.02 04:03:09.445,1.52639,1.52667,1.00,1.37
2016.02.02 04:03:09.598,1.52639,1.52665,1.00,1.37
2016.02.02 04:03:10.188,1.52639,1.52663,1.00,1.00
2016.02.02 04:03:10.698,1.52639,1.52664,1.00,1.12
2016.02.02 04:03:13.376,1.52639,1.52663,1.00,1.00
2016.02.02 04:03:14.187,1.52639,1.52664,1.00,2.62
2016.02.02 04:03:14.297,1.52637,1.52664,1.25,2.62
2016.02.02 04:03:14.833,1.52637,1.52663,1.25,1.00
2016.02.02 04:03:16.314,1.52637,1.52664,1.00,3.00
2016.02.02 04:03:18.742,1.5264,1.52664,1.00,1.37
2016.02.02 04:03:19.252,1.5264,1.52664,1.00,1.12
2016.02.02 04:03:21.249,1.52642,1.52664,1.00,1.12
2016.02.02 04:03:22.447,1.52645,1.52667,1.00,1.75
2016.02.02 04:03:22.701,1.52645,1.52668,1.50,1.37
2016.02.02 04:03:24.730,1.52646,1.52668,1.00,1.37
2016.02.02 04:03:25.245,1.52647,1.52671,1.00,2.62
2016.02.02 04:03:25.296,1.52647,1.52672,1.00,1.00
2016.02.02 04:03:25.804,1.52647,1.52673,1.00,2.62
2016.02.02 04:03:26.390,1.5265,1.52673,1.00,2.62
2016.02.02 04:03:26.899,1.5265,1.52672,1.50,1.00
2016.02.02 04:03:28.777,1.52651,1.52672,1.00,1.50
2016.02.02 04:03:31.539,1.52652,1.52672,1.00,1.00
2016.02.02 04:03:33.141,1.52651,1.52672,1.00,1.00
2016.02.02 04:03:35.297,1.52647,1.52672,1.00,1.00
2016.02.02 04:03:35.602,1.52647,1.52672,1.00,1.75
2016.02.02 04:03:36.187,1.52646,1.52669,1.00,1.00
2016.02.02 04:03:36.593,1.52644,1.52669,1.00,1.00
2016.02.02 04:03:36.901,1.52642,1.52669,1.50,1.00
2016.02.02 04:03:36.953,1.52642,1.52668,1.50,1.37
2016.02.02 04:03:37.491,1.52639,1.52668,1.37,2.25
2016.02.02 04:03:37.645,1.52639,1.52665,1.00,1.50
2016.02.02 04:03:37.696,1.52637,1.52665,1.12,2.25
2016.02.02 04:03:38.005,1.52641,1.52664,1.00,1.37
2016.02.02 04:03:38.158,1.52641,1.52665,1.00,1.10
2016.02.02 04:03:38.583,1.52643,1.52664,1.00,1.00
2016.02.02 04:03:38.736,1.52649,1.52673,1.00,1.87
2016.02.02 04:03:38.787,1.52651,1.52675,1.00,1.37
2016.02.02 04:03:38.838,1.52651,1.52675,1.00,1.00
2016.02.02 04:03:41.596,1.52649,1.52675,1.00,1.00
2016.02.02 04:03:41.951,1.52649,1.52675,1.00,1.50
2016.02.02 04:03:42.267,1.52655,1.52675,1.00,1.50
2016.02.02 04:03:42.420,1.52655,1.52675,1.00,1.00
2016.02.02 04:03:42.624,1.52655,1.52679,1.00,1.12
2016.02.02 04:03:42.827,1.5266,1.52681,1.00,3.00
2016.02.02 04:03:42.929,1.5266,1.52681,1.00,1.50
2016.02.02 04:03:43.179,1.5266,1.52686,1.00,1.37
2016.02.02 04:03:43.384,1.52663,1.52686,1.00,1.37
2016.02.02 04:03:43.791,1.5266,1.52688,1.50,2.62
2016.02.02 04:03:44.045,1.5266,1.52688,1.50,3.00
2016.02.02 04:03:45.340,1.5266,1.52687,1.50,1.00
2016.02.02 04:03:45.443,1.5266,1.52687,1.50,1.75
2016.02.02 04:03:45.852,1.5266,1.52683,1.00,1.00
2016.02.02 04:03:46.410,1.5266,1.52684,1.00,1.00
2016.02.02 04:03:47.401,1.5266,1.52683,1.00,1.00
2016.02.02 04:03:48.074,1.5266,1.52685,1.00,1.12
2016.02.02 04:03:48.429,1.5266,1.52687,1.00,1.87
2016.02.02 04:03:49.117,1.52662,1.52687,1.00,1.87
2016.02.02 04:03:49.747,1.52662,1.52686,1.00,1.00
2016.02.02 04:03:49.799,1.52658,1.52687,1.87,1.50
2016.02.02 04:03:49.850,1.52655,1.52681,1.12,1.37
2016.02.02 04:03:49.952,1.52653,1.52678,2.18,1.37
2016.02.02 04:03:50.054,1.52653,1.52678,1.00,1.50
2016.02.02 04:03:50.667,1.52653,1.52678,1.00,1.87
2016.02.02 04:03:51.274,1.52653,1.52678,1.00,1.00
2016.02.02 04:03:51.478,1.52653,1.5268,1.43,1.00
2016.02.02 04:03:51.986,1.52653,1.52681,1.43,1.50
2016.02.02 04:03:52.343,1.52653,1.5268,1.69,1.00
2016.02.02 04:03:52.548,1.52653,1.5268,1.12,1.00
2016.02.02 04:03:52.599,1.52651,1.52679,1.75,1.37
2016.02.02 04:03:52.751,1.52651,1.52678,1.00,1.00
2016.02.02 04:03:52.853,1.52651,1.52677,1.00,1.37
2016.02.02 04:03:53.262,1.52648,1.52675,1.31,1.50
2016.02.02 04:03:53.394,1.52648,1.52675,1.31,1.12
2016.02.02 04:03:54.004,1.52648,1.52676,1.25,1.50
2016.02.02 04:03:55.035,1.52648,1.52676,2.44,1.37
2016.02.02 04:03:55.571,1.52648,1.52676,1.75,1.00
2016.02.02 04:03:56.077,1.52651,1.52676,1.00,1.00
2016.02.02 04:03:56.587,1.52651,1.52677,1.12,1.50
2016.02.02 04:03:56.791,1.52653,1.52679,1.37,2.25
2016.02.02 04:03:59.201,1.52653,1.52679,1.12,1.50
2016.02.02 04:03:59.751,1.52653,1.52679,1.37,1.50
2016.02.02 04:04:00.094,1.52656,1.52682,1.12,1.69
2016.02.02 04:04:01.012,1.52659,1.52682,1.00,1.00
2016.02.02 04:04:01.714,1.52661,1.52682,1.00,1.00
2016.02.02 04:04:02.196,1.52661,1.52683,1.37,1.00
2016.02.02 04:04:02.463,1.52661,1.52687,1.37,1.69
2016.02.02 04:04:03.325,1.52661,1.52687,1.37,1.00
2016.02.02 04:04:05.331,1.52661,1.52687,1.00,1.00
2016.02.02 04:04:05.972,1.52661,1.52687,1.00,2.62
2016.02.02 04:04:06.481,1.52661,1.52687,1.00,1.50
2016.02.02 04:04:07.700,1.52658,1.52687,1.75,1.50
2016.02.02 04:04:07.802,1.52658,1.52687,1.00,3.00
2016.02.02 04:04:08.107,1.52656,1.52684,1.50,1.31
2016.02.02 04:04:08.614,1.52656,1.52684,1.00,2.06
2016.02.02 04:04:10.298,1.52664,1.52684,1.00,1.56
2016.02.02 04:04:10.495,1.52664,1.52687,1.00,1.00
2016.02.02 04:04:10.597,1.52664,1.5269,1.50,1.50
2016.02.02 04:04:10.648,1.52667,1.52692,1.00,1.00
2016.02.02 04:04:10.954,1.52669,1.52693,1.12,1.31
2016.02.02 04:04:11.106,1.52667,1.52693,1.50,1.31
2016.02.02 04:04:14.941,1.52666,1.52691,1.00,1.12
2016.02.02 04:04:15.904,1.52666,1.52691,1.37,1.00
2016.02.02 04:04:16.058,1.52666,1.52694,2.25,1.50
2016.02.02 04:04:16.414,1.52669,1.52692,1.00,1.00
2016.02.02 04:04:16.672,1.52669,1.52694,1.00,1.00
2016.02.02 04:04:17.478,1.52669,1.52695,1.00,1.00
2016.02.02 04:04:18.844,1.52669,1.52693,1.00,1.00
2016.02.02 04:04:19.156,1.52669,1.52689,1.00,1.00
2016.02.02 04:04:19.997,1.52667,1.52689,1.50,1.00
2016.02.02 04:04:20.049,1.52667,1.52694,1.50,2.06
2016.02.02 04:04:20.151,1.52665,1.52683,1.12,1.00
2016.02.02 04:04:20.254,1.52662,1.52683,1.12,1.00
2016.02.02 04:04:20.662,1.52665,1.52683,1.00,1.00
2016.02.02 04:04:20.815,1.52666,1.5269,1.00,1.37
2016.02.02 04:04:20.866,1.52664,1.52692,1.12,2.25
2016.02.02 04:04:20.960,1.52664,1.52691,1.00,1.37
2016.02.02 04:04:21.012,1.52662,1.52686,1.00,1.00
2016.02.02 04:04:21.556,1.52662,1.52685,1.00,1.50
2016.02.02 04:04:21.658,1.5266,1.52685,1.00,1.50
2016.02.02 04:04:21.761,1.5266,1.52683,1.00,1.00
2016.02.02 04:04:22.316,1.52659,1.52684,1.00,1.00
2016.02.02 04:04:22.622,1.5266,1.52681,1.00,1.00
2016.02.02 04:04:23.029,1.52658,1.52681,1.12,1.00
2016.02.02 04:04:23.181,1.52655,1.5268,1.25,1.00
2016.02.02 04:04:23.706,1.52655,1.52679,1.25,1.12
2016.02.02 04:04:25.153,1.52657,1.52679,1.00,1.00
2016.02.02 04:04:25.675,1.52657,1.52678,1.00,1.00
2016.02.02 04:04:26.183,1.52657,1.52679,1.00,1.00
2016.02.02 04:04:27.336,1.52655,1.52679,1.00,1.00
2016.02.02 04:04:28.184,1.52655,1.52678,1.00,1.00
2016.02.02 04:04:28.506,1.52657,1.52678,1.00,1.00
2016.02.02 04:04:30.407,1.52656,1.52681,1.00,2.62
2016.02.02 04:04:30.866,1.52652,1.5268,1.19,1.75
2016.02.02 04:04:30.968,1.52652,1.52678,1.19,1.50
2016.02.02 04:04:31.309,1.5265,1.52675,1.00,1.37
2016.02.02 04:04:31.360,1.5265,1.52675,1.00,1.87
2016.02.02 04:04:32.043,1.5265,1.52672,1.00,1.37
2016.02.02 04:04:32.456,1.52647,1.52672,1.00,1.37
2016.02.02 04:04:32.744,1.52647,1.5267,1.00,1.37
2016.02.02 04:04:33.639,1.52646,1.5267,1.00,2.62
2016.02.02 04:04:33.741,1.52642,1.52667,2.06,1.00
2016.02.02 04:04:33.842,1.52641,1.52664,1.00,1.00
2016.02.02 04:04:33.893,1.52639,1.52663,1.00,1.00
2016.02.02 04:04:33.944,1.52639,1.52658,1.00,1.00
2016.02.02 04:04:34.249,1.52639,1.52656,1.00,1.00
2016.02.02 04:04:35.218,1.52637,1.52656,1.00,1.00
2016.02.02 04:04:35.750,1.52637,1.52655,1.00,1.00
2016.02.02 04:04:35.902,1.52638,1.52657,1.00,1.00
2016.02.02 04:04:36.004,1.52638,1.5266,1.00,1.50
2016.02.02 04:04:36.106,1.52642,1.52662,1.00,1.75
2016.02.02 04:04:36.309,1.52642,1.52666,1.00,1.87
2016.02.02 04:04:36.411,1.5264,1.52666,1.00,1.75
2016.02.02 04:04:36.462,1.52642,1.52666,1.00,2.25
2016.02.02 04:04:36.564,1.5264,1.52666,1.00,1.87
2016.02.02 04:04:37.072,1.5264,1.52666,1.00,2.32
2016.02.02 04:04:37.586,1.5264,1.52664,1.00,1.12
2016.02.02 04:04:37.931,1.5264,1.52666,1.00,2.70
2016.02.02 04:04:38.484,1.5264,1.52666,1.00,3.45
2016.02.02 04:04:40.482,1.5264,1.52665,1.00,1.00
2016.02.02 04:04:40.583,1.5264,1.52665,1.00,1.50
2016.02.02 04:04:41.544,1.52641,1.52665,1.00,1.50
2016.02.02 04:04:41.595,1.52641,1.52665,1.00,1.00
2016.02.02 04:04:42.307,1.52641,1.52664,1.00,1.37
2016.02.02 04:04:44.474,1.52641,1.52664,1.00,1.87
2016.02.02 04:04:46.217,1.52641,1.52664,1.00,1.37
2016.02.02 04:04:46.268,1.52639,1.52664,1.00,1.87
2016.02.02 04:04:46.674,1.52639,1.52664,1.00,1.12
2016.02.02 04:04:47.847,1.52642,1.52664,1.00,1.00
2016.02.02 04:04:48.371,1.52642,1.52665,1.00,1.12
2016.02.02 04:04:52.297,1.52642,1.52665,1.12,1.00
2016.02.02 04:04:52.603,1.52645,1.52665,1.00,1.00
2016.02.02 04:04:52.807,1.52646,1.52669,1.00,1.00
2016.02.02 04:04:56.456,1.52649,1.52671,1.00,2.25
2016.02.02 04:05:00.616,1.52653,1.52671,1.00,1.75
2016.02.02 04:05:00.718,1.52654,1.52674,1.00,1.37
2016.02.02 04:05:00.770,1.52656,1.52676,1.00,1.37
2016.02.02 04:05:00.821,1.52656,1.52678,1.00,2.25
2016.02.02 04:05:00.974,1.52656,1.52681,1.00,3.37
2016.02.02 04:05:01.279,1.52659,1.52681,1.00,2.62
2016.02.02 04:05:01.798,1.52659,1.52681,1.00,1.00
2016.02.02 04:05:02.336,1.5266,1.52681,1.00,1.00
2016.02.02 04:05:03.042,1.52658,1.52681,1.00,1.00
2016.02.02 04:05:03.246,1.52654,1.52681,1.00,1.00
2016.02.02 04:05:03.398,1.52656,1.52681,1.00,1.37
2016.02.02 04:05:03.883,1.52658,1.52681,1.00,1.00
2016.02.02 04:05:04.187,1.5266,1.52682,1.00,1.87
2016.02.02 04:05:04.493,1.52663,1.52683,1.00,1.37
2016.02.02 04:05:04.748,1.52667,1.52687,1.00,1.12
2016.02.02 04:05:05.250,1.52667,1.52688,1.00,1.00
2016.02.02 04:05:06.860,1.52667,1.5269,1.00,1.00
2016.02.02 04:05:06.911,1.52667,1.52693,1.00,3.00
2016.02.02 04:05:08.319,1.52671,1.52694,1.00,1.75
2016.02.02 04:05:08.421,1.52671,1.52694,1.00,1.00
2016.02.02 04:05:08.941,1.52672,1.52694,1.00,1.00
2016.02.02 04:05:09.043,1.52677,1.52694,1.00,1.00
2016.02.02 04:05:09.094,1.52674,1.52694,1.00,1.00
2016.02.02 04:05:10.873,1.52674,1.52698,1.00,1.50
2016.02.02 04:05:10.924,1.52672,1.52698,1.00,1.50
2016.02.02 04:05:11.127,1.52673,1.52696,1.00,1.00
2016.02.02 04:05:11.369,1.52671,1.52696,1.12,1.00
2016.02.02 04:05:12.306,1.52671,1.52698,1.12,1.87
2016.02.02 04:05:12.513,1.52671,1.52695,1.12,1.00
2016.02.02 04:05:12.883,1.52673,1.52697,1.00,1.12
2016.02.02 04:05:13.596,1.52671,1.52698,1.12,1.87
2016.02.02 04:05:13.648,1.52671,1.52694,1.12,1.00
2016.02.02 04:05:15.303,1.52671,1.52695,1.00,1.00
2016.02.02 04:05:15.849,1.52671,1.52694,1.00,1.00
2016.02.02 04:05:16.819,1.52671,1.52693,1.00,1.00
2016.02.02 04:05:17.125,1.52668,1.52693,1.00,1.00
2016.02.02 04:05:17.642,1.52668,1.52692,1.00,1.00
2016.02.02 04:05:18.178,1.52666,1.52693,1.00,2.25
2016.02.02 04:05:18.229,1.52666,1.52693,1.00,2.62
2016.02.02 04:05:18.737,1.52664,1.52691,1.50,1.12
2016.02.02 04:05:19.448,1.52664,1.52691,1.00,3.00
2016.02.02 04:05:20.306,1.52664,1.5269,1.00,1.00
2016.02.02 04:05:20.831,1.52664,1.52691,1.50,2.25
2016.02.02 04:05:21.402,1.52664,1.5269,1.50,1.00
2016.02.02 04:05:21.912,1.52664,1.52689,1.00,1.00
2016.02.02 04:05:22.433,1.52664,1.52689,1.00,1.50
2016.02.02 04:05:24.485,1.52663,1.5269,1.00,2.62
2016.02.02 04:05:25.031,1.52662,1.52689,1.00,1.50
2016.02.02 04:05:25.532,1.52662,1.5269,1.00,3.37
2016.02.02 04:05:25.938,1.5266,1.52688,1.50,3.00
2016.02.02 04:05:26.462,1.52659,1.52685,1.25,1.12
2016.02.02 04:05:28.809,1.52659,1.52679,1.00,1.00
2016.02.02 04:05:31.080,1.52658,1.52679,1.00,1.00
2016.02.02 04:05:31.655,1.52654,1.52679,3.56,1.00
2016.02.02 04:05:31.910,1.52649,1.52677,1.87,1.37
2016.02.02 04:05:31.962,1.52649,1.52677,1.00,1.75
2016.02.02 04:05:32.013,1.52649,1.52677,1.00,1.87
2016.02.02 04:05:32.176,1.52647,1.52673,1.00,1.12
2016.02.02 04:05:32.890,1.52645,1.52673,1.19,2.62
2016.02.02 04:05:33.400,1.52645,1.52672,1.25,1.00
2016.02.02 04:05:34.553,1.52645,1.52671,1.25,1.00
2016.02.02 04:05:36.656,1.52645,1.5267,1.00,1.00
2016.02.02 04:05:39.316,1.52644,1.52671,1.31,1.12
2016.02.02 04:05:39.519,1.52646,1.5267,1.62,1.00
2016.02.02 04:05:39.824,1.52651,1.52677,1.69,1.00
2016.02.02 04:05:39.926,1.52651,1.52679,2.81,1.87
2016.02.02 04:05:40.230,1.52657,1.5268,1.19,1.00
2016.02.02 04:05:40.410,1.52659,1.52683,1.25,1.12
2016.02.02 04:05:41.267,1.52657,1.52684,1.56,1.37
2016.02.02 04:05:41.723,1.52658,1.52682,1.56,1.12
2016.02.02 04:05:41.825,1.52657,1.52682,1.56,1.12
2016.02.02 04:05:42.422,1.52662,1.52682,1.00,1.12
2016.02.02 04:05:42.627,1.52668,1.52691,1.00,1.00
2016.02.02 04:05:42.728,1.52668,1.52693,1.00,1.00
2016.02.02 04:05:43.940,1.52668,1.52693,1.37,1.12
2016.02.02 04:05:44.692,1.52668,1.52693,1.31,1.37
2016.02.02 04:05:45.200,1.52666,1.52691,2.06,1.00
2016.02.02 04:05:45.735,1.52667,1.52691,1.19,1.00
2016.02.02 04:05:46.588,1.52676,1.52691,1.00,1.12
2016.02.02 04:05:46.743,1.52679,1.52696,1.00,1.50
2016.02.02 04:05:46.798,1.52682,1.527,1.00,1.00
2016.02.02 04:05:46.952,1.52684,1.52707,1.25,1.12
2016.02.02 04:05:47.461,1.52684,1.52708,1.25,1.00
2016.02.02 04:05:47.966,1.52684,1.52708,1.62,1.00
2016.02.02 04:05:48.475,1.52684,1.52708,1.00,1.00
2016.02.02 04:05:48.627,1.52686,1.52708,1.00,1.00
2016.02.02 04:05:48.932,1.52684,1.52709,1.00,1.37
2016.02.02 04:05:49.915,1.52684,1.52708,1.12,1.37
2016.02.02 04:05:51.247,1.52684,1.5271,1.37,1.87
2016.02.02 04:05:51.778,1.52684,1.5271,1.00,1.87
2016.02.02 04:05:52.236,1.52687,1.5271,1.00,1.87
2016.02.02 04:05:52.339,1.52685,1.5271,1.00,1.87
2016.02.02 04:05:52.881,1.52685,1.52709,1.00,1.00
2016.02.02 04:05:55.465,1.52683,1.52708,1.50,1.00
2016.02.02 04:05:56.126,1.52683,1.52707,1.50,1.00
2016.02.02 04:05:56.556,1.52681,1.52706,1.00,1.50
2016.02.02 04:05:57.116,1.52684,1.52706,1.00,1.50
2016.02.02 04:05:57.320,1.52684,1.52709,1.00,1.12
2016.02.02 04:05:57.371,1.52686,1.52709,1.12,1.12
2016.02.02 04:05:57.474,1.52686,1.52711,1.00,1.50
2016.02.02 04:05:58.022,1.52686,1.5271,1.00,1.00
2016.02.02 04:05:59.773,1.52686,1.5271,1.37,2.25
2016.02.02 04:06:00.285,1.52686,1.5271,1.00,1.00
2016.02.02 04:06:00.794,1.52686,1.52709,1.00,1.00
2016.02.02 04:06:00.845,1.52686,1.52707,1.00,1.00
2016.02.02 04:06:01.374,1.52684,1.52707,1.50,1.00
2016.02.02 04:06:02.728,1.52683,1.52705,1.12,1.00
2016.02.02 04:06:03.253,1.52682,1.52704,1.87,1.00
2016.02.02 04:06:03.608,1.52682,1.52706,1.87,1.00
2016.02.02 04:06:04.171,1.52682,1.52705,1.87,1.00
2016.02.02 04:06:09.332,1.52682,1.52706,1.75,1.00
2016.02.02 04:06:09.882,1.52683,1.52707,1.75,1.00
2016.02.02 04:06:10.239,1.52681,1.52707,1.75,1.00
2016.02.02 04:06:10.750,1.5268,1.52706,1.75,1.50
2016.02.02 04:06:12.557,1.52683,1.52706,1.75,1.00
2016.02.02 04:06:12.660,1.52686,1.52709,1.00,1.00
2016.02.02 04:06:14.011,1.52683,1.52709,1.75,1.00
2016.02.02 04:06:14.063,1.52683,1.52706,1.75,1.00
2016.02.02 04:06:17.984,1.52683,1.52706,1.12,1.00
2016.02.02 04:06:19.235,1.52683,1.52707,1.12,1.00
2016.02.02 04:06:19.784,1.52683,1.52708,1.12,1.00
2016.02.02 04:06:20.235,1.52683,1.52706,1.12,1.00
2016.02.02 04:06:20.998,1.52683,1.52708,1.12,1.00
2016.02.02 04:06:22.402,1.52683,1.52709,1.12,1.00
2016.02.02 04:06:22.854,1.52683,1.5271,2.81,1.12
2016.02.02 04:06:23.160,1.5269,1.52711,1.50,1.00
2016.02.02 04:06:23.668,1.5269,1.52711,1.00,1.00
2016.02.02 04:06:24.226,1.52688,1.52711,1.12,1.00
2016.02.02 04:06:24.533,1.52688,1.52709,1.00,1.00
2016.02.02 04:06:25.474,1.52683,1.52709,3.19,1.00
2016.02.02 04:06:25.577,1.52683,1.52709,1.25,1.87
2016.02.02 04:06:25.730,1.52681,1.52707,1.37,1.37
2016.02.02 04:06:26.032,1.52678,1.52704,1.12,1.12
2016.02.02 04:06:26.084,1.52675,1.52702,2.81,1.00
2016.02.02 04:06:26.592,1.52675,1.52701,2.81,1.00
2016.02.02 04:06:26.897,1.52675,1.52701,1.25,1.00
2016.02.02 04:06:26.948,1.52675,1.52698,1.25,1.00
2016.02.02 04:06:27.244,1.52675,1.52701,1.00,1.00
2016.02.02 04:06:27.753,1.52675,1.52702,1.50,1.00
2016.02.02 04:06:28.059,1.52675,1.527,1.50,1.00
2016.02.02 04:06:28.567,1.52675,1.52698,1.50,1.00
2016.02.02 04:06:28.821,1.52675,1.527,1.50,1.00
2016.02.02 04:06:29.244,1.52675,1.52698,1.50,1.00
2016.02.02 04:06:29.464,1.52675,1.527,1.50,1.00
2016.02.02 04:06:29.667,1.52675,1.52698,1.50,1.00
2016.02.02 04:06:29.921,1.52675,1.527,1.50,1.00
2016.02.02 04:06:30.023,1.52675,1.52698,1.50,1.00
2016.02.02 04:06:30.228,1.52675,1.527,1.50,1.00
2016.02.02 04:06:30.993,1.52673,1.52698,1.50,1.00
2016.02.02 04:06:32.057,1.52673,1.52698,1.75,1.00
2016.02.02 04:06:32.314,1.52673,1.52697,1.12,1.00
2016.02.02 04:06:32.518,1.52671,1.52696,1.12,1.00
2016.02.02 04:06:32.570,1.52671,1.52694,1.12,1.00
2016.02.02 04:06:33.093,1.52669,1.52693,2.00,1.00
2016.02.02 04:06:33.640,1.52669,1.52694,2.00,1.00
2016.02.02 04:06:35.406,1.52668,1.52691,1.75,1.00
2016.02.02 04:06:37.614,1.52667,1.52691,2.25,1.00
2016.02.02 04:06:40.523,1.52667,1.52689,1.00,1.00
2016.02.02 04:06:40.981,1.52665,1.52687,1.37,1.00
2016.02.02 04:06:41.185,1.52664,1.52687,2.06,1.00
2016.02.02 04:06:41.591,1.52664,1.52684,1.31,1.00
2016.02.02 04:06:41.797,1.52656,1.52678,1.19,1.00
2016.02.02 04:06:41.900,1.52654,1.52676,1.69,1.00
2016.02.02 04:06:42.002,1.52653,1.52676,1.50,1.00
2016.02.02 04:06:42.323,1.5265,1.52676,1.69,1.00
2016.02.02 04:06:42.845,1.52652,1.52676,1.00,1.00
2016.02.02 04:06:44.378,1.52653,1.52676,1.00,1.00
2016.02.02 04:06:44.429,1.52653,1.52676,1.56,1.00
2016.02.02 04:06:44.684,1.52653,1.52678,1.56,1.00
2016.02.02 04:06:45.205,1.52653,1.52679,1.56,1.00
2016.02.02 04:06:50.898,1.52654,1.52679,1.00,1.50
2016.02.02 04:06:50.949,1.52654,1.52677,1.00,1.00
2016.02.02 04:06:55.366,1.52653,1.52677,1.25,1.00
2016.02.02 04:06:56.329,1.52653,1.52676,1.25,1.00
2016.02.02 04:06:56.913,1.52651,1.52676,2.81,1.00
2016.02.02 04:06:57.322,1.52651,1.52673,2.06,1.00
2016.02.02 04:06:59.239,1.52651,1.52673,1.00,1.00
2016.02.02 04:07:01.535,1.5265,1.52673,1.00,1.00
2016.02.02 04:07:02.344,1.5265,1.52671,1.00,1.00
2016.02.02 04:07:03.754,1.52649,1.52671,1.12,1.00
2016.02.02 04:07:06.565,1.5265,1.52671,1.00,1.00
2016.02.02 04:07:06.870,1.52652,1.52673,1.00,1.00
2016.02.02 04:07:07.377,1.52653,1.52673,1.50,1.00
2016.02.02 04:07:08.925,1.52653,1.52676,1.50,1.00
2016.02.02 04:07:09.584,1.52655,1.52679,1.00,2.25
2016.02.02 04:07:09.959,1.52657,1.52679,1.00,1.00
2016.02.02 04:07:11.233,1.52655,1.52679,1.50,1.00
2016.02.02 04:07:11.285,1.52655,1.52676,1.50,1.00
2016.02.02 04:07:11.685,1.52655,1.5268,1.50,1.12
2016.02.02 04:07:12.192,1.52655,1.52679,1.50,1.00
2016.02.02 04:07:15.750,1.52655,1.52679,1.50,1.37
2016.02.02 04:07:16.715,1.52656,1.52679,1.00,1.37
2016.02.02 04:07:18.760,1.52656,1.52679,1.00,1.00
2016.02.02 04:07:20.554,1.52655,1.52679,1.00,1.12
2016.02.02 04:07:21.072,1.52655,1.52678,1.00,1.00
2016.02.02 04:07:21.606,1.52655,1.52678,1.00,1.37
2016.02.02 04:07:23.728,1.52655,1.52679,1.00,1.37
2016.02.02 04:07:24.673,1.52655,1.52677,1.00,1.00
2016.02.02 04:07:26.547,1.52655,1.52678,1.50,1.37
2016.02.02 04:07:27.743,1.52655,1.5268,1.50,1.00
2016.02.02 04:07:28.047,1.52657,1.5268,1.00,1.00
2016.02.02 04:07:30.498,1.52657,1.52679,1.00,1.00
2016.02.02 04:07:31.006,1.52657,1.52679,1.00,1.37
2016.02.02 04:07:31.360,1.52655,1.52679,1.00,1.37
2016.02.02 04:07:31.884,1.52655,1.52679,1.00,1.12
2016.02.02 04:07:36.894,1.52655,1.52677,1.00,1.00
2016.02.02 04:07:37.199,1.52653,1.52675,1.00,1.00
2016.02.02 04:07:42.517,1.52653,1.52677,1.00,1.00
2016.02.02 04:07:42.619,1.52653,1.52675,1.00,1.00
2016.02.02 04:07:42.990,1.52653,1.52677,1.00,1.00
2016.02.02 04:07:43.041,1.52653,1.52675,1.00,1.00
2016.02.02 04:07:43.553,1.52652,1.52675,1.00,1.00
2016.02.02 04:07:46.585,1.52652,1.52675,1.37,1.00
2016.02.02 04:07:47.098,1.52652,1.52675,1.50,1.00
2016.02.02 04:07:47.640,1.52652,1.52674,1.50,1.00
2016.02.02 04:07:49.975,1.52651,1.52673,1.00,1.00
2016.02.02 04:07:50.107,1.52649,1.52673,1.50,1.00
2016.02.02 04:07:50.635,1.52649,1.52672,1.50,1.00
2016.02.02 04:07:50.998,1.52649,1.5267,1.00,1.00
2016.02.02 04:07:51.049,1.52646,1.5267,1.00,1.00
2016.02.02 04:07:51.151,1.52644,1.52669,1.00,1.87
2016.02.02 04:07:51.202,1.5264,1.52661,1.50,1.00
2016.02.02 04:07:51.406,1.52639,1.52661,1.00,1.00
2016.02.02 04:07:51.909,1.52639,1.52662,1.00,1.12
2016.02.02 04:07:52.468,1.52639,1.52664,1.50,1.00
2016.02.02 04:07:52.971,1.52639,1.52665,1.50,1.12
2016.02.02 04:07:53.613,1.52639,1.52664,1.50,1.00
2016.02.02 04:07:54.117,1.52639,1.52663,1.50,1.00
2016.02.02 04:07:55.571,1.52639,1.52664,1.50,1.00
2016.02.02 04:07:56.092,1.52639,1.52666,1.50,2.25
2016.02.02 04:08:01.773,1.52636,1.52665,1.12,1.12
2016.02.02 04:08:02.483,1.52638,1.52665,1.00,1.12
2016.02.02 04:08:04.022,1.52636,1.52665,1.12,1.12
2016.02.02 04:08:04.692,1.52636,1.52665,1.12,1.50
2016.02.02 04:08:05.200,1.52637,1.52665,1.00,1.50
2016.02.02 04:08:05.873,1.52638,1.52665,1.00,1.50
2016.02.02 04:08:06.737,1.52638,1.52665,1.00,1.50
2016.02.02 04:08:17.276,1.52636,1.52665,1.12,1.50
2016.02.02 04:08:17.429,1.52633,1.52663,2.25,1.00
2016.02.02 04:08:17.581,1.52633,1.52662,1.12,1.12
2016.02.02 04:08:18.393,1.52633,1.52663,1.00,4.50
2016.02.02 04:08:20.526,1.5263,1.5266,1.50,1.50
2016.02.02 04:08:23.320,1.5263,1.5266,1.50,2.62
2016.02.02 04:08:24.324,1.5263,1.52659,1.50,1.50
2016.02.02 04:08:25.339,1.5263,1.52659,1.50,1.50
2016.02.02 04:08:26.942,1.52628,1.52658,2.62,1.37
2016.02.02 04:08:26.993,1.52628,1.52658,1.87,1.50
2016.02.02 04:08:27.123,1.52628,1.52657,1.12,1.50
2016.02.02 04:08:28.138,1.52628,1.52656,1.12,1.12
2016.02.02 04:08:29.136,1.52628,1.52656,1.12,1.37
2016.02.02 04:08:29.645,1.52624,1.52654,1.75,1.12
2016.02.02 04:08:29.696,1.52622,1.52653,1.75,2.25
2016.02.02 04:08:29.747,1.52622,1.52653,1.50,2.62
2016.02.02 04:08:29.798,1.52622,1.52651,1.12,1.00
2016.02.02 04:08:29.883,1.52622,1.52651,1.00,1.12
2016.02.02 04:08:31.713,1.5262,1.52651,1.87,1.87
2016.02.02 04:08:32.781,1.52618,1.52645,1.75,1.00
2016.02.02 04:08:32.934,1.52614,1.52643,1.12,1.50
2016.02.02 04:08:32.985,1.52613,1.52639,1.50,1.00
2016.02.02 04:08:33.138,1.52609,1.52639,1.37,1.87
2016.02.02 04:08:33.239,1.52609,1.52637,1.00,1.37
2016.02.02 04:08:33.849,1.52609,1.52634,1.00,1.00
2016.02.02 04:08:36.040,1.52609,1.52633,1.00,1.00
2016.02.02 04:08:37.457,1.52609,1.52634,1.00,1.50
2016.02.02 04:08:38.029,1.52607,1.52634,1.12,1.50
2016.02.02 04:08:38.537,1.52607,1.52637,1.12,1.75
2016.02.02 04:08:39.125,1.5261,1.52636,1.00,1.50
2016.02.02 04:08:41.114,1.52611,1.52636,1.00,1.50
2016.02.02 04:08:41.419,1.52615,1.5264,1.00,1.12
2016.02.02 04:08:41.926,1.52615,1.52641,1.00,1.00
2016.02.02 04:08:43.867,1.52615,1.5264,1.00,1.00
2016.02.02 04:08:46.264,1.52615,1.52639,1.00,1.00
2016.02.02 04:08:46.770,1.52614,1.52639,1.12,1.00
2016.02.02 04:08:47.582,1.52614,1.52641,1.12,1.50
2016.02.02 04:08:48.010,1.52614,1.52639,1.12,1.00
2016.02.02 04:08:54.532,1.52614,1.5264,1.12,1.00
2016.02.02 04:08:56.377,1.52614,1.52638,1.00,1.00
2016.02.02 04:08:56.979,1.52614,1.52637,1.00,1.00
2016.02.02 04:09:00.168,1.52614,1.52639,1.00,1.50
2016.02.02 04:09:01.900,1.52614,1.52638,1.00,1.69
2016.02.02 04:09:02.207,1.52617,1.52641,1.00,1.37
2016.02.02 04:09:02.309,1.5262,1.52641,1.00,1.00
2016.02.02 04:09:02.629,1.52623,1.52648,1.00,1.94
2016.02.02 04:09:05.163,1.52623,1.52648,1.00,2.06
2016.02.02 04:09:07.478,1.52623,1.52645,1.00,1.19
2016.02.02 04:09:08.026,1.52624,1.52645,1.00,1.19
2016.02.02 04:09:10.331,1.52627,1.52648,1.00,1.19
2016.02.02 04:09:11.754,1.52624,1.52649,1.00,2.81
2016.02.02 04:09:11.958,1.52624,1.52644,1.00,1.00
2016.02.02 04:09:12.212,1.52622,1.52645,1.00,1.00
2016.02.02 04:09:12.742,1.52622,1.52644,1.00,1.00
2016.02.02 04:09:15.520,1.52622,1.52644,1.00,1.56
2016.02.02 04:09:18.229,1.52621,1.52643,1.00,1.56
2016.02.02 04:09:18.579,1.52617,1.52643,1.50,1.56
2016.02.02 04:09:18.732,1.52614,1.5264,1.50,1.25
2016.02.02 04:09:18.834,1.52612,1.5264,1.50,1.56
2016.02.02 04:09:19.342,1.52612,1.52634,1.12,1.31
2016.02.02 04:09:21.250,1.52612,1.52635,1.00,1.31
2016.02.02 04:09:29.697,1.52612,1.52634,1.00,1.31
2016.02.02 04:09:33.399,1.52609,1.52632,1.12,1.19
2016.02.02 04:09:34.331,1.52609,1.52632,1.12,1.00
2016.02.02 04:09:34.838,1.52609,1.52633,1.12,1.25
2016.02.02 04:09:36.238,1.52609,1.52632,1.00,1.00
2016.02.02 04:09:36.577,1.52609,1.52634,1.00,1.00
2016.02.02 04:09:37.693,1.52609,1.52633,1.00,1.00
2016.02.02 04:09:37.847,1.52612,1.52633,1.00,1.00
2016.02.02 04:09:39.678,1.52612,1.52632,1.00,1.00
2016.02.02 04:09:40.200,1.52612,1.52633,1.00,1.00
2016.02.02 04:09:41.856,1.52612,1.52632,1.00,1.00
2016.02.02 04:09:42.180,1.52609,1.52632,1.00,1.00
2016.02.02 04:09:42.282,1.52609,1.5263,1.00,1.00
2016.02.02 04:09:42.800,1.52609,1.52629,1.00,1.00
2016.02.02 04:09:43.310,1.52609,1.5263,1.00,1.00
2016.02.02 04:09:45.770,1.52609,1.52632,1.00,1.25
2016.02.02 04:09:47.775,1.52611,1.52633,1.00,1.19
2016.02.02 04:09:49.832,1.52611,1.52635,1.37,1.56
2016.02.02 04:09:52.795,1.52613,1.52635,1.00,1.56
2016.02.02 04:09:55.207,1.52613,1.52635,1.00,1.31
2016.02.02 04:09:55.997,1.52616,1.52637,1.00,2.06
2016.02.02 04:09:57.213,1.52616,1.52639,1.00,1.69
2016.02.02 04:09:59.309,1.52616,1.52638,1.00,1.31
2016.02.02 04:09:59.462,1.52612,1.52632,1.37,1.00
2016.02.02 04:09:59.969,1.52612,1.52632,1.00,1.00
2016.02.02 04:10:01.968,1.52612,1.52634,1.00,1.19
2016.02.02 04:10:02.289,1.52614,1.52634,1.00,1.31
2016.02.02 04:10:03.126,1.52614,1.52637,1.00,2.81
2016.02.02 04:10:04.338,1.52614,1.52637,1.00,2.06
2016.02.02 04:10:05.657,1.52614,1.52637,1.00,1.69
2016.02.02 04:10:07.160,1.52616,1.52637,1.00,1.19
2016.02.02 04:10:07.699,1.52616,1.52637,1.00,1.31
2016.02.02 04:10:08.611,1.52619,1.52638,1.00,1.56
2016.02.02 04:10:08.760,1.52619,1.52638,1.00,1.00
2016.02.02 04:10:09.268,1.52619,1.52642,1.00,1.69
2016.02.02 04:10:10.070,1.52619,1.5264,1.00,1.00
2016.02.02 04:10:13.910,1.5262,1.52642,1.00,1.75
2016.02.02 04:10:18.586,1.52618,1.5264,1.00,1.12
2016.02.02 04:10:18.789,1.52615,1.52639,1.00,1.00
2016.02.02 04:10:18.969,1.52615,1.52636,1.00,1.00
2016.02.02 04:10:23.906,1.52614,1.52636,1.00,1.00
2016.02.02 04:10:24.414,1.52615,1.52637,1.00,1.12
2016.02.02 04:10:24.719,1.52618,1.5264,1.00,1.00
2016.02.02 04:10:24.770,1.52618,1.52642,1.00,1.50
2016.02.02 04:10:25.125,1.5262,1.52643,1.00,1.50
2016.02.02 04:10:28.124,1.5262,1.52644,1.00,1.00
2016.02.02 04:10:28.430,1.52625,1.52645,1.00,1.25
2016.02.02 04:10:29.077,1.52627,1.52648,1.00,1.56
2016.02.02 04:10:29.464,1.5263,1.52649,1.00,2.06
2016.02.02 04:10:29.566,1.5263,1.52649,1.00,1.00
2016.02.02 04:10:29.669,1.5263,1.52651,1.00,1.00
2016.02.02 04:10:29.720,1.52633,1.52651,1.00,1.00
2016.02.02 04:10:29.772,1.52633,1.52654,1.00,1.50
2016.02.02 04:10:29.823,1.52635,1.52657,1.00,1.87
2016.02.02 04:10:29.890,1.52635,1.52658,1.00,1.75
2016.02.02 04:10:29.942,1.52638,1.52661,1.00,1.12
2016.02.02 04:10:30.351,1.52635,1.52659,1.75,1.00
2016.02.02 04:10:30.454,1.52635,1.52659,1.00,1.00
2016.02.02 04:10:30.505,1.52638,1.52659,1.00,1.00
2016.02.02 04:10:30.608,1.52639,1.52661,1.00,1.00
2016.02.02 04:10:30.710,1.52643,1.52663,1.00,1.00
2016.02.02 04:10:30.939,1.52649,1.52675,1.00,1.00
2016.02.02 04:10:32.457,1.52649,1.52676,1.00,1.87
2016.02.02 04:10:32.864,1.52651,1.52676,1.00,1.12
2016.02.02 04:10:39.855,1.52651,1.52678,1.00,1.00
2016.02.02 04:10:39.908,1.52647,1.52676,1.12,1.00
2016.02.02 04:10:40.215,1.52644,1.52668,1.00,1.50
2016.02.02 04:10:40.368,1.52644,1.52669,1.00,1.12
2016.02.02 04:10:45.084,1.52643,1.52669,1.00,1.87
2016.02.02 04:10:46.199,1.52643,1.52668,1.00,1.00
2016.02.02 04:10:46.402,1.5264,1.52668,1.12,1.00
2016.02.02 04:10:46.942,1.5264,1.52668,1.50,1.00
2016.02.02 04:10:46.995,1.52643,1.52671,1.12,1.87
2016.02.02 04:10:47.503,1.52643,1.5267,1.12,1.00
2016.02.02 04:10:47.554,1.52645,1.52671,1.00,1.87
2016.02.02 04:10:47.707,1.52645,1.52671,1.00,1.87
2016.02.02 04:10:48.517,1.52645,1.5267,1.00,1.00
2016.02.02 04:10:49.380,1.52645,1.52669,1.00,1.00
2016.02.02 04:10:49.431,1.52643,1.52669,1.00,1.00
2016.02.02 04:10:49.957,1.52643,1.52668,1.00,1.00
2016.02.02 04:10:50.515,1.52643,1.52669,1.00,1.00
2016.02.02 04:10:52.021,1.52643,1.52668,1.00,1.00
2016.02.02 04:10:52.123,1.52643,1.52666,1.00,1.00
2016.02.02 04:10:52.175,1.5264,1.52666,1.12,1.00
2016.02.02 04:10:52.683,1.5264,1.52665,1.12,1.00
2016.02.02 04:10:52.785,1.52637,1.52665,1.00,1.12
2016.02.02 04:10:53.242,1.52637,1.52663,1.00,1.00
2016.02.02 04:10:54.354,1.5265,1.52663,1.00,1.12
2016.02.02 04:10:54.405,1.52643,1.52663,1.00,1.00
2016.02.02 04:10:54.456,1.52643,1.52669,1.12,2.62
2016.02.02 04:10:54.507,1.52649,1.52669,1.00,1.50
2016.02.02 04:10:54.559,1.52649,1.52672,1.00,1.69
2016.02.02 04:10:54.662,1.52652,1.52672,1.00,1.00
2016.02.02 04:10:54.764,1.52652,1.52675,1.00,1.00
2016.02.02 04:10:54.815,1.52652,1.52679,1.00,1.50
2016.02.02 04:10:54.866,1.52655,1.52679,1.00,1.37
2016.02.02 04:10:54.917,1.52655,1.5268,1.00,1.00
2016.02.02 04:10:55.466,1.52655,1.52683,1.00,2.25
2016.02.02 04:10:59.390,1.52655,1.5268,1.00,1.00
2016.02.02 04:11:00.016,1.52656,1.5268,1.00,1.00
2016.02.02 04:11:01.442,1.52656,1.52679,1.00,1.00
2016.02.02 04:11:02.002,1.52651,1.52678,1.50,1.00
2016.02.02 04:11:02.053,1.52649,1.52676,1.37,1.37
2016.02.02 04:11:02.206,1.52646,1.52675,1.00,2.25
2016.02.02 04:11:02.257,1.52646,1.52672,1.00,1.37
2016.02.02 04:11:02.409,1.52643,1.52672,1.00,1.75
2016.02.02 04:11:02.697,1.52643,1.5267,1.00,2.25
2016.02.02 04:11:02.799,1.52641,1.52669,1.00,1.75
2016.02.02 04:11:02.902,1.52641,1.52664,1.00,1.12
2016.02.02 04:11:02.954,1.52639,1.52664,1.00,1.12
2016.02.02 04:11:03.208,1.52637,1.52664,1.12,1.12
2016.02.02 04:11:03.310,1.52637,1.52664,1.12,1.37
2016.02.02 04:11:03.834,1.52636,1.52662,1.00,1.50
2016.02.02 04:11:03.886,1.52634,1.52662,1.00,1.50
2016.02.02 04:11:04.039,1.52636,1.52661,1.00,1.12
2016.02.02 04:11:07.332,1.52642,1.52663,1.00,2.25
2016.02.02 04:11:07.582,1.52642,1.52666,1.00,1.25
2016.02.02 04:11:08.040,1.5264,1.52667,1.00,1.50
2016.02.02 04:11:08.548,1.5264,1.52666,1.00,1.50
2016.02.02 04:11:09.466,1.52638,1.52665,1.00,2.62
2016.02.02 04:11:09.567,1.52638,1.52664,1.00,1.75
2016.02.02 04:11:12.551,1.52636,1.52662,1.00,2.25
2016.02.02 04:11:12.694,1.52638,1.52662,1.00,2.25
2016.02.02 04:11:13.201,1.52638,1.52662,1.00,1.00
2016.02.02 04:11:15.447,1.52638,1.52661,1.00,1.00
2016.02.02 04:11:17.709,1.52637,1.52661,1.00,1.00
2016.02.02 04:11:18.366,1.52637,1.52662,1.00,1.00
2016.02.02 04:11:19.667,1.52637,1.52659,1.00,1.00
2016.02.02 04:11:19.870,1.52635,1.52659,1.50,1.00
2016.02.02 04:11:20.377,1.52635,1.52658,1.00,1.00
2016.02.02 04:11:21.068,1.52634,1.52659,3.00,1.00
2016.02.02 04:11:22.172,1.52634,1.52659,2.62,1.00
2016.02.02 04:11:22.529,1.52633,1.52657,1.00,1.00
2016.02.02 04:11:22.682,1.52631,1.52657,1.12,1.00
2016.02.02 04:11:22.734,1.52631,1.52655,1.12,1.00
2016.02.02 04:11:25.275,1.52631,1.52656,1.00,1.12
2016.02.02 04:11:25.478,1.52629,1.52656,1.00,1.12
2016.02.02 04:11:25.986,1.52632,1.52656,1.00,1.12
2016.02.02 04:11:26.292,1.52629,1.52656,1.50,1.00
2016.02.02 04:11:26.779,1.52634,1.52655,1.00,1.00
2016.02.02 04:11:26.982,1.52634,1.52662,1.00,1.12
2016.02.02 04:11:27.033,1.52634,1.5266,1.00,1.00
2016.02.02 04:11:27.135,1.52632,1.52658,1.37,1.00
2016.02.02 04:11:29.054,1.52632,1.52658,1.00,1.12
2016.02.02 04:11:29.581,1.52633,1.52658,1.00,1.12
2016.02.02 04:11:29.785,1.52633,1.5266,1.00,1.87
2016.02.02 04:11:29.887,1.52633,1.52658,1.00,1.00
2016.02.02 04:11:29.989,1.52633,1.5266,1.00,1.87
2016.02.02 04:11:32.938,1.52636,1.5266,1.00,1.12
2016.02.02 04:11:37.381,1.52629,1.5266,2.25,1.37
2016.02.02 04:11:37.432,1.52629,1.5266,1.50,2.25
2016.02.02 04:11:37.963,1.52626,1.52656,2.25,1.00
2016.02.02 04:11:38.065,1.52626,1.52655,1.37,1.87
2016.02.02 04:11:38.586,1.52628,1.52655,1.00,1.75
2016.02.02 04:11:41.004,1.52626,1.52655,1.00,2.25
2016.02.02 04:11:43.561,1.52628,1.52655,1.00,3.37
2016.02.02 04:11:44.122,1.52631,1.52655,1.00,1.87
2016.02.02 04:11:44.274,1.52631,1.52658,1.00,1.87
2016.02.02 04:11:44.480,1.52634,1.52658,1.00,1.87
2016.02.02 04:11:45.079,1.5263,1.52659,1.00,1.12
2016.02.02 04:11:46.449,1.52627,1.52655,1.75,1.00
2016.02.02 04:11:46.755,1.52617,1.52647,1.12,1.00
2016.02.02 04:11:46.857,1.52619,1.52648,1.00,1.50
2016.02.02 04:11:48.115,1.52615,1.52646,2.62,1.37
2016.02.02 04:11:48.166,1.52615,1.52645,1.87,1.37
2016.02.02 04:11:48.218,1.52613,1.52643,1.50,1.37
2016.02.02 04:11:48.585,1.52615,1.5264,1.00,1.37
2016.02.02 04:11:48.637,1.52613,1.5264,1.00,1.37
2016.02.02 04:11:48.790,1.52613,1.5264,1.00,1.12
2016.02.02 04:11:49.657,1.52614,1.5264,1.00,1.12
2016.02.02 04:11:49.810,1.52618,1.5264,1.00,1.00
2016.02.02 04:11:49.912,1.52618,1.52643,1.00,1.00
2016.02.02 04:11:49.963,1.52614,1.52643,1.87,1.00
2016.02.02 04:11:50.015,1.52614,1.52643,1.12,1.37
2016.02.02 04:11:51.094,1.52614,1.52641,1.00,1.37
2016.02.02 04:11:51.625,1.52613,1.52641,1.00,1.75
2016.02.02 04:11:51.939,1.52607,1.52637,1.12,1.50
2016.02.02 04:11:51.990,1.52607,1.52637,1.00,1.87
2016.02.02 04:11:52.499,1.52607,1.52635,1.00,4.12
2016.02.02 04:11:54.680,1.5261,1.52635,1.00,2.62
2016.02.02 04:11:54.985,1.5261,1.52638,1.00,1.87
2016.02.02 04:11:55.797,1.52607,1.52638,1.50,2.25
2016.02.02 04:11:56.324,1.52607,1.52635,1.00,1.50
2016.02.02 04:11:57.303,1.5261,1.52635,1.00,1.50
2016.02.02 04:11:59.138,1.52611,1.52635,1.00,1.00
2016.02.02 04:11:59.342,1.52611,1.52638,1.00,1.50
2016.02.02 04:11:59.444,1.52613,1.52638,1.00,1.50
2016.02.02 04:12:00.492,1.52611,1.52638,1.00,1.50
2016.02.02 04:12:00.594,1.52613,1.52637,1.00,1.00
2016.02.02 04:12:00.899,1.52613,1.52638,1.00,1.75
2016.02.02 04:12:02.044,1.52616,1.52638,1.00,1.75
2016.02.02 04:12:02.248,1.52616,1.52638,1.00,1.00
2016.02.02 04:12:02.350,1.52616,1.52642,1.00,1.87
2016.02.02 04:12:02.655,1.52619,1.52644,1.00,1.50
2016.02.02 04:12:05.784,1.52619,1.52644,1.00,2.06
2016.02.02 04:12:07.010,1.52619,1.52642,1.00,1.56
2016.02.02 04:12:07.670,1.5262,1.52642,1.00,1.56
2016.02.02 04:12:10.286,1.5262,1.52642,1.00,1.31
2016.02.02 04:12:12.740,1.52619,1.52644,1.00,2.81
2016.02.02 04:12:13.247,1.52619,1.52644,1.00,2.81
2016.02.02 04:12:17.209,1.52619,1.52644,1.00,3.56
2016.02.02 04:12:18.111,1.52622,1.52644,1.00,3.56
2016.02.02 04:12:18.314,1.52622,1.52645,1.00,1.31
2016.02.02 04:12:18.708,1.52626,1.52649,1.00,2.81
2016.02.02 04:12:19.015,1.52623,1.52649,1.00,2.81
2016.02.02 04:12:20.204,1.52623,1.52649,1.00,2.81
2016.02.02 04:12:20.768,1.52626,1.52649,1.00,2.81
2016.02.02 04:12:23.734,1.52626,1.52649,1.00,2.06
2016.02.02 04:12:25.842,1.52628,1.5265,1.00,1.56
2016.02.02 04:12:28.247,1.52628,1.52651,1.00,1.69
2016.02.02 04:12:30.311,1.52628,1.52654,1.00,3.56
2016.02.02 04:12:30.666,1.52624,1.52654,1.50,4.31
2016.02.02 04:12:30.869,1.52624,1.52651,1.00,2.06
2016.02.02 04:12:32.214,1.52624,1.52651,1.00,2.81
2016.02.02 04:12:35.984,1.52625,1.52651,1.00,2.06
2016.02.02 04:12:40.022,1.52625,1.52651,1.00,2.81
2016.02.02 04:12:41.046,1.52624,1.5265,1.00,1.69
2016.02.02 04:12:41.504,1.52621,1.52647,1.50,1.19
2016.02.02 04:12:42.384,1.52621,1.52648,1.12,1.31
2016.02.02 04:12:42.892,1.52621,1.52648,1.12,1.31
2016.02.02 04:12:43.400,1.52619,1.52648,1.00,2.06
2016.02.02 04:12:43.911,1.52619,1.52647,1.00,2.06
2016.02.02 04:12:46.441,1.52616,1.52644,1.00,1.31
2016.02.02 04:12:46.492,1.52616,1.52644,1.00,1.69
2016.02.02 04:12:46.937,1.52614,1.5264,1.00,1.00
2016.02.02 04:12:47.445,1.52614,1.52641,1.00,1.31
2016.02.02 04:12:49.395,1.52614,1.5264,1.00,1.00
2016.02.02 04:12:50.056,1.52614,1.52641,1.00,1.12
2016.02.02 04:12:51.624,1.52616,1.52641,1.00,1.12
2016.02.02 04:12:53.897,1.52613,1.52641,1.50,1.31
2016.02.02 04:12:54.151,1.52613,1.52639,1.00,1.00
2016.02.02 04:12:54.349,1.5261,1.52637,1.50,1.00
2016.02.02 04:12:54.502,1.5261,1.52636,1.00,1.50
2016.02.02 04:12:54.706,1.52607,1.52636,1.12,1.75
2016.02.02 04:12:55.238,1.52607,1.52633,1.00,1.00
2016.02.02 04:12:55.908,1.52607,1.52634,1.00,1.12
2016.02.02 04:12:58.396,1.52607,1.52635,1.12,1.00
2016.02.02 04:12:59.221,1.52607,1.52635,1.00,1.50
2016.02.02 04:12:59.629,1.52604,1.52633,1.00,2.25
2016.02.02 04:13:02.242,1.52603,1.52632,1.00,1.50
2016.02.02 04:13:02.796,1.526,1.5263,1.37,1.87
2016.02.02 04:13:02.847,1.526,1.5263,1.00,2.25
2016.02.02 04:13:03.355,1.526,1.52626,1.00,1.00
2016.02.02 04:13:04.706,1.52598,1.52626,1.50,1.00
2016.02.02 04:13:08.228,1.52597,1.52623,1.75,1.00
2016.02.02 04:13:10.288,1.52596,1.52623,1.37,1.00
2016.02.02 04:13:10.339,1.52596,1.52623,1.00,1.00
2016.02.02 04:13:10.625,1.52596,1.52625,1.00,1.50
2016.02.02 04:13:10.884,1.52596,1.52623,1.00,1.00
2016.02.02 04:13:12.904,1.52598,1.52623,1.00,1.00
2016.02.02 04:13:13.056,1.52598,1.52625,1.00,1.50
2016.02.02 04:13:15.296,1.52601,1.52625,1.00,1.50
2016.02.02 04:13:20.152,1.52601,1.52627,1.00,1.12
2016.02.02 04:13:24.419,1.52597,1.52626,2.62,1.00
2016.02.02 04:13:24.927,1.52597,1.52628,2.62,1.87
2016.02.02 04:13:25.886,1.52601,1.52628,1.00,2.25
2016.02.02 04:13:26.043,1.52601,1.52627,1.00,1.50
2016.02.02 04:13:26.095,1.52598,1.52627,1.12,1.50
2016.02.02 04:13:26.602,1.52598,1.52625,1.12,1.00
2016.02.02 04:13:27.338,1.52601,1.52625,1.00,1.00
2016.02.02 04:13:27.855,1.52601,1.52626,1.00,1.12
2016.02.02 04:13:29.518,1.52601,1.52627,1.12,1.12
2016.02.02 04:13:29.569,1.52601,1.52629,1.12,1.00
2016.02.02 04:13:29.672,1.52603,1.52632,1.00,1.75
2016.02.02 04:13:29.926,1.52606,1.52636,1.12,2.25
2016.02.02 04:13:30.616,1.52606,1.52636,1.00,1.50
2016.02.02 04:13:30.921,1.52608,1.52636,1.00,1.50
2016.02.02 04:13:31.233,1.5261,1.52636,1.12,1.00
2016.02.02 04:13:31.704,1.52607,1.52636,2.25,1.12
2016.02.02 04:13:32.130,1.52609,1.52637,1.00,1.50
2016.02.02 04:13:32.233,1.5261,1.5264,1.00,2.25
2016.02.02 04:13:32.284,1.5261,1.52641,1.37,1.87
2016.02.02 04:13:32.336,1.52613,1.52641,1.00,1.00
2016.02.02 04:13:32.844,1.52613,1.52643,1.00,1.69
2016.02.02 04:13:33.420,1.52613,1.52641,1.00,1.00
2016.02.02 04:13:34.673,1.52616,1.52641,1.00,1.00
2016.02.02 04:13:35.749,1.52619,1.52641,1.00,1.00
2016.02.02 04:13:35.901,1.52621,1.52644,1.00,1.00
2016.02.02 04:13:36.408,1.52621,1.52648,1.00,2.81
2016.02.02 04:13:37.081,1.52621,1.52649,1.00,2.44
2016.02.02 04:13:37.182,1.52624,1.52649,1.00,2.44
2016.02.02 04:13:38.275,1.52621,1.52649,1.00,1.56
2016.02.02 04:13:38.785,1.52621,1.52646,1.37,1.00
2016.02.02 04:13:39.292,1.52621,1.52647,1.50,1.69
2016.02.02 04:13:39.901,1.52621,1.52646,1.00,1.00
2016.02.02 04:13:40.993,1.52621,1.52645,1.00,1.00
2016.02.02 04:13:41.501,1.52621,1.52646,1.00,1.50
2016.02.02 04:13:42.175,1.52621,1.52648,1.12,1.19
2016.02.02 04:13:43.115,1.52621,1.52648,1.12,1.50
2016.02.02 04:13:43.308,1.52623,1.52648,1.00,1.50
2016.02.02 04:13:43.981,1.52623,1.52647,1.00,1.00
2016.02.02 04:13:44.286,1.52623,1.52645,1.00,1.00
2016.02.02 04:13:44.388,1.52623,1.52647,1.00,1.00
2016.02.02 04:13:44.795,1.52619,1.52647,1.75,1.00
2016.02.02 04:13:45.313,1.52619,1.52648,1.75,1.69
2016.02.02 04:13:46.278,1.52619,1.52647,1.75,1.00
2016.02.02 04:13:46.430,1.52619,1.52647,1.00,1.50
2016.02.02 04:13:46.634,1.52618,1.52643,1.00,1.00
2016.02.02 04:13:46.978,1.5261,1.52634,1.12,1.00
2016.02.02 04:13:47.282,1.52609,1.52632,1.12,1.00
2016.02.02 04:13:47.689,1.52609,1.5263,1.12,1.00
2016.02.02 04:13:56.204,1.52606,1.52629,1.75,1.00
2016.02.02 04:13:56.357,1.52606,1.52628,1.12,1.00
2016.02.02 04:13:56.408,1.52606,1.52626,1.12,1.00
2016.02.02 04:13:58.485,1.52605,1.52628,1.37,1.00
2016.02.02 04:13:58.688,1.52608,1.52628,1.00,1.00
2016.02.02 04:13:59.575,1.52606,1.52628,1.12,1.00
2016.02.02 04:13:59.779,1.52606,1.52626,1.12,1.00
2016.02.02 04:14:00.369,1.52606,1.52625,1.00,1.00
2016.02.02 04:14:00.877,1.52606,1.52626,1.00,1.00
2016.02.02 04:14:01.757,1.52606,1.52628,1.00,1.00
2016.02.02 04:14:02.011,1.52606,1.52626,1.00,1.00
2016.02.02 04:14:02.756,1.52605,1.52626,1.00,1.00
2016.02.02 04:14:02.858,1.52605,1.52629,1.00,1.00
2016.02.02 04:14:03.010,1.52604,1.52626,1.50,1.00
2016.02.02 04:14:04.726,1.52604,1.52625,1.00,1.00
2016.02.02 04:14:05.233,1.52603,1.52624,1.12,1.00
2016.02.02 04:14:05.546,1.52603,1.52622,1.12,1.00
2016.02.02 04:14:06.053,1.52603,1.52624,1.12,1.00
2016.02.02 04:14:06.408,1.52603,1.52622,1.12,1.00
2016.02.02 04:14:09.938,1.52603,1.52621,1.00,1.00
2016.02.02 04:14:09.989,1.526,1.52621,1.12,1.00
2016.02.02 04:14:10.294,1.52598,1.5262,2.25,1.00
2016.02.02 04:14:10.447,1.52596,1.52618,1.75,1.00
2016.02.02 04:14:10.595,1.52595,1.52618,1.00,1.00
2016.02.02 04:14:11.123,1.52594,1.52617,1.12,1.00
2016.02.02 04:14:14.180,1.52595,1.52617,1.00,1.00
2016.02.02 04:14:14.232,1.52595,1.52621,1.00,1.00
2016.02.02 04:14:14.386,1.52599,1.52621,1.00,1.00
2016.02.02 04:14:14.921,1.52597,1.52621,1.50,1.00
2016.02.02 04:14:15.773,1.52597,1.5262,1.50,1.00
2016.02.02 04:14:16.281,1.52597,1.52619,1.50,1.00
2016.02.02 04:14:16.968,1.52597,1.5262,1.00,1.00
2016.02.02 04:14:17.281,1.52594,1.52618,2.25,1.00
2016.02.02 04:14:17.587,1.52591,1.52615,2.25,1.00
2016.02.02 04:14:18.130,1.52592,1.52615,1.37,1.00
2016.02.02 04:14:19.482,1.52592,1.52616,1.37,1.50
2016.02.02 04:14:19.943,1.5259,1.52614,1.87,1.00
2016.02.02 04:14:20.147,1.52589,1.52612,1.50,1.00
2016.02.02 04:14:23.158,1.52588,1.52607,1.87,1.00
2016.02.02 04:14:23.209,1.52588,1.52609,1.12,1.00
2016.02.02 04:14:23.718,1.52587,1.52609,1.75,1.00
2016.02.02 04:14:23.922,1.52583,1.52608,1.75,1.00
2016.02.02 04:14:23.973,1.52583,1.52605,1.75,1.00
2016.02.02 04:14:24.025,1.52583,1.52607,1.12,1.00
2016.02.02 04:14:24.228,1.52582,1.52607,1.75,1.50
2016.02.02 04:14:24.330,1.52582,1.52604,1.75,1.00
2016.02.02 04:14:24.832,1.52581,1.52605,1.12,1.00
2016.02.02 04:14:25.154,1.52581,1.52603,1.37,1.00
2016.02.02 04:14:32.343,1.5258,1.52604,1.75,1.00
2016.02.02 04:14:33.893,1.5258,1.52605,1.75,1.00
2016.02.02 04:14:35.199,1.5258,1.52606,1.75,1.00
2016.02.02 04:14:37.746,1.5258,1.52605,1.75,1.00
2016.02.02 04:14:38.406,1.5258,1.52606,1.75,1.00
2016.02.02 04:14:38.918,1.5258,1.52605,1.75,1.00
2016.02.02 04:14:41.364,1.52579,1.52604,1.87,1.00
2016.02.02 04:14:41.872,1.5258,1.52605,1.75,1.00
2016.02.02 04:14:43.465,1.5258,1.52607,1.75,1.25
2016.02.02 04:14:43.972,1.5258,1.52606,1.75,1.00
2016.02.02 04:14:44.826,1.5258,1.52605,1.75,1.00
2016.02.02 04:14:44.928,1.52577,1.52604,2.25,1.00
2016.02.02 04:14:45.230,1.52577,1.52602,1.50,1.00
2016.02.02 04:14:45.332,1.52577,1.52604,1.50,1.00
2016.02.02 04:14:45.687,1.52574,1.526,3.00,1.00
2016.02.02 04:14:45.840,1.52574,1.526,1.12,1.00
2016.02.02 04:14:46.347,1.52573,1.52598,1.00,1.00
2016.02.02 04:14:47.098,1.5257,1.52597,3.56,1.00
2016.02.02 04:14:47.403,1.52565,1.52591,4.50,1.00
2016.02.02 04:14:47.556,1.52565,1.5259,2.25,1.00
2016.02.02 04:14:47.658,1.52565,1.52587,2.25,1.00
2016.02.02 04:14:48.170,1.52565,1.52588,1.50,1.00
2016.02.02 04:14:48.677,1.52565,1.52588,1.69,1.00
2016.02.02 04:14:52.291,1.52565,1.52586,1.19,1.00
2016.02.02 04:14:54.273,1.52563,1.52587,1.31,1.50
2016.02.02 04:14:56.480,1.52564,1.52584,2.06,1.00
2016.02.02 04:14:56.531,1.52564,1.52587,2.06,1.50
2016.02.02 04:14:56.787,1.52561,1.52584,1.69,1.00
2016.02.02 04:14:57.295,1.52563,1.52585,1.31,1.00
2016.02.02 04:14:57.600,1.52563,1.52583,1.19,1.00
2016.02.02 04:14:59.026,1.5256,1.52581,1.50,1.00
2016.02.02 04:14:59.078,1.52558,1.5258,1.12,1.00
2016.02.02 04:14:59.281,1.52555,1.5258,1.00,1.50
2016.02.02 04:14:59.434,1.52555,1.52578,1.00,1.00
2016.02.02 04:15:00.905,1.52551,1.52578,1.12,1.00
2016.02.02 04:15:00.956,1.52551,1.5258,1.12,1.50
2016.02.02 04:15:01.014,1.5255,1.52576,1.12,1.00
2016.02.02 04:15:01.168,1.5255,1.52578,1.12,1.00
2016.02.02 04:15:01.270,1.52552,1.52578,1.00,1.00
2016.02.02 04:15:02.331,1.52552,1.52581,1.50,1.75
2016.02.02 04:15:02.843,1.5255,1.52578,1.87,1.00
2016.02.02 04:15:03.730,1.5255,1.52579,1.12,2.62
2016.02.02 04:15:04.136,1.5255,1.52576,1.12,1.00
2016.02.02 04:15:04.390,1.5255,1.52578,1.12,1.00
2016.02.02 04:15:05.414,1.52566,1.52578,1.00,1.00
2016.02.02 04:15:05.719,1.52576,1.52595,1.00,1.12
2016.02.02 04:15:05.974,1.52576,1.52599,1.00,2.62
2016.02.02 04:15:06.120,1.52576,1.52601,1.00,1.87
2016.02.02 04:15:06.286,1.52578,1.52601,1.00,1.87
2016.02.02 04:15:06.694,1.52578,1.52601,1.00,1.75
2016.02.02 04:15:08.769,1.52577,1.52601,1.00,1.75
2016.02.02 04:15:11.705,1.52577,1.52597,1.00,1.00
2016.02.02 04:15:12.720,1.52577,1.52599,1.00,1.12
2016.02.02 04:15:13.268,1.52577,1.52598,1.00,1.00
2016.02.02 04:15:14.379,1.52577,1.52599,1.00,1.12
2016.02.02 04:15:18.148,1.52577,1.52598,1.00,1.00
2016.02.02 04:15:18.771,1.52575,1.52597,1.00,1.00
2016.02.02 04:15:23.804,1.52575,1.52598,1.00,1.12
2016.02.02 04:15:24.316,1.52574,1.52599,1.00,1.12
2016.02.02 04:15:24.469,1.52577,1.52598,1.00,1.00
2016.02.02 04:15:24.976,1.52577,1.526,1.00,2.25
2016.02.02 04:15:25.265,1.52578,1.52601,1.00,1.87
2016.02.02 04:15:26.229,1.52579,1.52601,1.00,1.00
2016.02.02 04:15:26.331,1.52586,1.52601,1.00,1.00
2016.02.02 04:15:26.494,1.5259,1.52612,1.00,1.12
2016.02.02 04:15:26.546,1.5259,1.52615,1.00,1.50
2016.02.02 04:15:27.207,1.52588,1.52615,1.00,1.50
2016.02.02 04:15:27.258,1.52588,1.52613,1.00,1.00
2016.02.02 04:15:27.800,1.52588,1.52614,1.19,1.87
2016.02.02 04:15:29.783,1.52585,1.52612,1.56,1.00
2016.02.02 04:15:30.089,1.52585,1.5261,1.56,1.00
2016.02.02 04:15:30.637,1.52585,1.52612,1.56,1.50
2016.02.02 04:15:31.296,1.52584,1.52609,1.56,1.00
2016.02.02 04:15:31.927,1.52584,1.52611,2.06,1.00
2016.02.02 04:15:32.029,1.52586,1.5261,1.19,1.00
2016.02.02 04:15:32.081,1.52586,1.52613,1.69,1.00
2016.02.02 04:15:32.590,1.52586,1.52613,2.44,1.00
2016.02.02 04:15:33.294,1.52587,1.52615,1.69,1.50
2016.02.02 04:15:33.805,1.52588,1.52617,2.06,1.50
2016.02.02 04:15:33.856,1.52591,1.52618,1.00,3.37
2016.02.02 04:15:34.207,1.52594,1.52618,1.00,1.00
2016.02.02 04:15:34.714,1.52592,1.52618,1.87,1.00
2016.02.02 04:15:35.075,1.52592,1.52618,2.62,1.00
2016.02.02 04:15:35.177,1.52593,1.52618,1.00,1.00
2016.02.02 04:15:38.576,1.5259,1.52618,1.00,1.12
2016.02.02 04:15:38.678,1.52589,1.52615,1.12,1.00
2016.02.02 04:15:39.545,1.5259,1.52618,1.00,3.37
2016.02.02 04:15:40.055,1.52591,1.52619,1.12,1.50
2016.02.02 04:15:40.157,1.52591,1.52618,1.87,1.00
2016.02.02 04:15:40.973,1.52591,1.52618,1.50,1.00
2016.02.02 04:15:42.027,1.52591,1.5262,2.25,1.69
2016.02.02 04:15:44.831,1.52592,1.52619,1.12,1.00
2016.02.02 04:15:50.067,1.52592,1.5262,1.50,1.25
2016.02.02 04:15:51.046,1.52592,1.5262,1.50,1.25
2016.02.02 04:15:52.076,1.52592,1.5262,2.62,1.25
2016.02.02 04:15:52.881,1.52595,1.5262,1.12,1.25
2016.02.02 04:15:55.586,1.52594,1.52621,3.00,1.00
2016.02.02 04:15:56.089,1.52594,1.5262,3.00,1.00
2016.02.02 04:15:57.280,1.52595,1.52621,1.87,1.19
2016.02.02 04:15:58.203,1.52596,1.52623,1.87,1.00
2016.02.02 04:16:01.065,1.52598,1.52624,1.12,1.00
2016.02.02 04:16:01.712,1.52598,1.52623,1.12,1.00
2016.02.02 04:16:02.220,1.52594,1.52618,1.12,1.00
2016.02.02 04:16:02.527,1.52584,1.52602,1.00,1.00
2016.02.02 04:16:02.578,1.52585,1.52604,1.00,1.00
2016.02.02 04:16:02.680,1.52585,1.52609,1.00,1.19
2016.02.02 04:16:02.731,1.52581,1.52609,2.62,1.87
2016.02.02 04:16:02.833,1.52579,1.52607,1.87,1.87
2016.02.02 04:16:02.885,1.52579,1.52604,1.12,1.12
2016.02.02 04:16:02.936,1.52578,1.52604,1.12,1.12
2016.02.02 04:16:02.987,1.52578,1.52599,1.12,1.00
2016.02.02 04:16:03.038,1.52573,1.52599,1.50,1.00
2016.02.02 04:16:03.140,1.52572,1.52599,1.37,1.00
2016.02.02 04:16:03.295,1.52571,1.52597,1.50,1.00
2016.02.02 04:16:03.869,1.52571,1.52596,1.00,1.00
2016.02.02 04:16:04.575,1.52571,1.52597,1.00,2.25
2016.02.02 04:16:04.882,1.52575,1.52603,1.37,1.75
2016.02.02 04:16:04.934,1.52575,1.52603,1.50,1.00
2016.02.02 04:16:05.036,1.52577,1.52603,1.37,1.00
2016.02.02 04:16:05.239,1.52576,1.52603,1.37,1.50
2016.02.02 04:16:05.790,1.52575,1.52603,1.50,1.50
2016.02.02 04:16:06.338,1.52575,1.52602,1.50,1.00
2016.02.02 04:16:06.832,1.52575,1.52601,1.50,1.00
2016.02.02 04:16:06.885,1.52575,1.52599,1.50,1.00
2016.02.02 04:16:07.346,1.52572,1.52598,3.00,1.00
2016.02.02 04:16:07.858,1.52571,1.52598,1.87,1.50
2016.02.02 04:16:08.329,1.5257,1.52598,2.62,2.25
2016.02.02 04:16:09.498,1.5257,1.52597,2.62,1.00
2016.02.02 04:16:09.760,1.5257,1.52595,1.87,1.00
2016.02.02 04:16:10.297,1.5257,1.52595,1.50,1.50
2016.02.02 04:16:15.220,1.52571,1.52596,1.00,1.50
2016.02.02 04:16:17.328,1.52571,1.52596,1.50,1.50
2016.02.02 04:16:17.845,1.52571,1.52598,2.25,1.00
2016.02.02 04:16:19.731,1.52575,1.52598,1.00,1.00
2016.02.02 04:16:21.037,1.52575,1.52599,1.00,1.50
2016.02.02 04:16:24.145,1.52574,1.52599,1.12,1.00
2016.02.02 04:16:26.450,1.52574,1.52598,1.12,1.00
2016.02.02 04:16:27.558,1.52575,1.52598,1.00,1.00
2016.02.02 04:16:27.609,1.52581,1.52598,1.00,1.00
2016.02.02 04:16:27.661,1.52576,1.52596,1.50,1.00
2016.02.02 04:16:27.915,1.52579,1.52596,1.00,1.00
2016.02.02 04:16:28.448,1.52579,1.52597,1.00,1.00
2016.02.02 04:16:29.386,1.52581,1.52597,1.00,1.00
2016.02.02 04:16:29.934,1.52581,1.52598,1.50,1.00
2016.02.02 04:16:31.050,1.5258,1.52598,1.00,1.00
2016.02.02 04:16:31.152,1.5258,1.52601,1.00,1.50
2016.02.02 04:16:31.804,1.52579,1.52601,1.00,1.50
2016.02.02 04:16:32.719,1.52579,1.52599,1.00,1.00
2016.02.02 04:16:33.251,1.52579,1.526,1.00,1.00
2016.02.02 04:16:33.708,1.52577,1.526,1.50,1.00
2016.02.02 04:16:35.000,1.52577,1.52601,1.50,1.00
2016.02.02 04:16:36.786,1.52579,1.52601,1.00,2.25
2016.02.02 04:16:38.200,1.52578,1.52601,1.00,2.25
2016.02.02 04:16:38.656,1.52582,1.526,1.00,1.00
2016.02.02 04:16:38.964,1.52582,1.52603,1.00,1.12
2016.02.02 04:16:39.066,1.52584,1.52606,1.00,3.37
2016.02.02 04:16:39.118,1.52584,1.52606,1.00,3.00
2016.02.02 04:16:39.648,1.52585,1.52606,1.00,3.00
2016.02.02 04:16:39.851,1.52583,1.52606,1.00,3.00
2016.02.02 04:16:41.365,1.52583,1.52605,1.00,1.00
2016.02.02 04:16:41.968,1.52582,1.52605,1.00,1.00
2016.02.02 04:16:43.502,1.52581,1.52605,1.00,1.00
2016.02.02 04:16:43.605,1.52579,1.52603,1.00,1.50
2016.02.02 04:16:43.910,1.52578,1.52599,1.00,1.00
2016.02.02 04:16:44.063,1.52575,1.52599,1.69,1.00
2016.02.02 04:16:46.313,1.52576,1.526,1.00,1.50
2016.02.02 04:16:48.330,1.52576,1.52599,1.00,1.00
2016.02.02 04:16:50.642,1.5258,1.52597,1.00,1.00
2016.02.02 04:16:50.745,1.5258,1.52604,1.00,1.12
2016.02.02 04:16:50.796,1.5258,1.52605,1.00,1.37
2016.02.02 04:16:51.314,1.5258,1.52605,1.00,1.12
2016.02.02 04:16:51.670,1.52586,1.52606,1.00,2.25
2016.02.02 04:16:52.178,1.52586,1.52606,1.00,2.62
2016.02.02 04:16:57.917,1.52586,1.52606,1.00,1.69
2016.02.02 04:16:59.257,1.52586,1.52606,1.00,1.31
2016.02.02 04:17:01.761,1.52586,1.52606,1.00,1.00
2016.02.02 04:17:01.863,1.52588,1.52607,1.00,2.06
2016.02.02 04:17:02.373,1.52592,1.52607,1.00,1.31
2016.02.02 04:17:03.414,1.52589,1.52607,1.00,1.00
2016.02.02 04:17:08.655,1.52587,1.52607,1.00,1.00
2016.02.02 04:17:10.307,1.52587,1.52608,1.00,1.87
2016.02.02 04:17:11.367,1.5259,1.52608,1.00,1.00
2016.02.02 04:17:12.762,1.52594,1.52608,1.00,1.00
2016.02.02 04:17:12.865,1.52594,1.52612,1.00,1.00
2016.02.02 04:17:12.916,1.52596,1.52612,1.00,1.00
2016.02.02 04:17:13.424,1.52596,1.52613,1.00,1.00
2016.02.02 04:17:13.627,1.52593,1.52613,1.00,1.00
2016.02.02 04:17:14.288,1.52592,1.52613,1.00,1.00
2016.02.02 04:17:14.339,1.5259,1.52613,1.50,1.00
2016.02.02 04:17:14.391,1.52593,1.52611,1.00,1.00
2016.02.02 04:17:14.925,1.52593,1.52612,1.00,1.00
2016.02.02 04:17:16.684,1.52593,1.52611,1.00,1.00
2016.02.02 04:17:17.922,1.52591,1.52611,1.00,1.00
2016.02.02 04:17:18.489,1.5259,1.52611,1.00,1.00
2016.02.02 04:17:22.035,1.52591,1.52611,1.00,1.00
2016.02.02 04:17:24.157,1.52591,1.5261,1.00,1.00
2016.02.02 04:17:24.665,1.52591,1.52611,1.00,1.00
2016.02.02 04:17:27.773,1.52592,1.52611,1.00,1.00
2016.02.02 04:17:28.710,1.52592,1.52612,1.00,1.50
2016.02.02 04:17:29.217,1.52592,1.52611,1.00,1.00
2016.02.02 04:17:30.536,1.52591,1.52611,1.00,1.00
2016.02.02 04:17:32.902,1.52592,1.52611,1.00,1.00
2016.02.02 04:17:37.921,1.52594,1.52611,1.00,1.00
2016.02.02 04:17:38.227,1.52596,1.52613,1.00,1.00
2016.02.02 04:17:38.737,1.52598,1.52613,1.00,1.00
2016.02.02 04:17:38.890,1.52598,1.52617,1.00,1.12
2016.02.02 04:17:40.734,1.52596,1.52617,1.00,1.00
2016.02.02 04:17:40.987,1.52596,1.52615,1.00,1.00
2016.02.02 04:17:43.331,1.52596,1.52614,1.00,1.00
2016.02.02 04:17:43.889,1.52596,1.52616,1.00,1.00
2016.02.02 04:17:44.399,1.52597,1.52617,1.00,1.00
2016.02.02 04:17:47.483,1.52597,1.52618,1.00,1.00
2016.02.02 04:17:48.295,1.526,1.52618,1.00,1.00
2016.02.02 04:17:48.917,1.526,1.5262,1.00,1.50
2016.02.02 04:17:49.475,1.526,1.52619,1.00,1.00
2016.02.02 04:17:49.985,1.52598,1.52619,1.00,1.00
2016.02.02 04:17:50.509,1.52598,1.52618,1.00,1.00
2016.02.02 04:17:52.221,1.52598,1.52617,1.00,1.00
2016.02.02 04:17:52.728,1.52598,1.52618,1.00,1.00
2016.02.02 04:17:53.271,1.52598,1.52617,1.00,1.00
2016.02.02 04:17:56.296,1.52598,1.52616,1.00,1.00
2016.02.02 04:17:58.702,1.52598,1.52617,1.00,1.00
2016.02.02 04:18:00.257,1.52594,1.52617,1.00,1.00
2016.02.02 04:18:00.359,1.52592,1.52617,1.12,2.62
2016.02.02 04:18:00.410,1.52592,1.52617,1.12,3.00
2016.02.02 04:18:00.736,1.52592,1.52613,1.00,1.00
2016.02.02 04:18:01.256,1.52592,1.52612,1.00,1.00
2016.02.02 04:18:01.916,1.52592,1.52611,1.00,1.00
2016.02.02 04:18:02.017,1.5259,1.52611,1.00,1.50
2016.02.02 04:18:06.781,1.5259,1.52602,1.00,1.00
2016.02.02 04:18:08.979,1.5259,1.52603,1.00,1.00
2016.02.02 04:18:09.486,1.5259,1.52602,1.00,1.00
2016.02.02 04:18:10.179,1.52588,1.52602,1.00,1.00
2016.02.02 04:18:12.642,1.52587,1.52602,1.00,1.00
2016.02.02 04:18:12.702,1.52587,1.52599,1.00,1.00
2016.02.02 04:18:12.905,1.52585,1.52599,1.00,1.00
2016.02.02 04:18:13.108,1.52582,1.52599,1.50,1.00
2016.02.02 04:18:13.219,1.5258,1.52598,1.12,1.00
2016.02.02 04:18:13.372,1.5258,1.52595,1.00,1.00
2016.02.02 04:18:13.880,1.5258,1.52596,1.00,1.00
2016.02.02 04:18:18.176,1.52577,1.52596,1.00,1.00
2016.02.02 04:18:19.742,1.52572,1.52594,2.81,1.00
2016.02.02 04:18:19.997,1.52569,1.52592,1.00,1.50
2016.02.02 04:18:20.252,1.52572,1.52593,1.00,1.00
2016.02.02 04:18:20.443,1.52573,1.52596,1.00,1.00
2016.02.02 04:18:20.495,1.52573,1.52598,1.00,1.12
2016.02.02 04:18:21.004,1.52572,1.52599,1.50,1.50
2016.02.02 04:18:21.056,1.5257,1.52597,2.25,1.00
2016.02.02 04:18:22.057,1.5257,1.52598,1.75,1.00
2016.02.02 04:18:22.565,1.52572,1.52599,1.50,3.00
2016.02.02 04:18:27.574,1.52573,1.52598,1.12,1.00
2016.02.02 04:18:30.328,1.52569,1.52599,1.87,1.50
2016.02.02 04:18:31.243,1.52573,1.52601,1.12,1.00
2016.02.02 04:18:31.345,1.52573,1.52601,2.06,1.00
2016.02.02 04:18:31.885,1.52576,1.52601,1.12,1.00
2016.02.02 04:18:33.093,1.5258,1.52601,1.00,1.00
2016.02.02 04:18:33.398,1.5259,1.52608,1.25,1.00
2016.02.02 04:18:33.501,1.5259,1.52614,1.25,1.00
2016.02.02 04:18:33.552,1.52594,1.52614,1.19,1.00
2016.02.02 04:18:33.705,1.52599,1.5262,1.00,1.50
2016.02.02 04:18:33.807,1.52599,1.52622,1.00,1.00
2016.02.02 04:18:36.354,1.52599,1.52623,1.00,1.00
2016.02.02 04:18:37.807,1.52599,1.52625,1.00,1.50
2016.02.02 04:18:37.909,1.52599,1.52618,1.00,1.00
2016.02.02 04:18:38.214,1.52599,1.52616,1.00,1.00
2016.02.02 04:18:38.266,1.52596,1.52616,1.31,1.00
2016.02.02 04:18:38.873,1.52594,1.52614,1.69,1.00
2016.02.02 04:18:38.925,1.52594,1.52614,1.00,1.00
2016.02.02 04:18:39.027,1.52589,1.52614,1.12,1.00
2016.02.02 04:18:39.545,1.52588,1.52613,1.00,1.00
2016.02.02 04:18:43.341,1.52586,1.52613,1.69,1.00
2016.02.02 04:18:43.494,1.52586,1.52611,1.25,1.00
2016.02.02 04:18:46.144,1.52584,1.5261,1.31,1.00
2016.02.02 04:18:48.812,1.52583,1.52608,1.19,1.00
2016.02.02 04:18:50.864,1.52595,1.52611,1.00,1.50
2016.02.02 04:18:51.107,1.52595,1.52615,1.00,1.00
2016.02.02 04:18:51.645,1.52595,1.52616,1.25,1.00
2016.02.02 04:18:51.907,1.52598,1.52616,1.00,1.00
2016.02.02 04:18:52.009,1.52598,1.52621,1.00,1.00
2016.02.02 04:18:52.516,1.52598,1.52623,1.00,1.50
2016.02.02 04:18:55.219,1.52598,1.52624,1.00,1.50
2016.02.02 04:18:55.525,1.526,1.52624,1.00,1.00
2016.02.02 04:18:56.115,1.526,1.52627,1.12,1.12
2016.02.02 04:18:57.601,1.526,1.52624,1.12,1.00
2016.02.02 04:18:58.703,1.52602,1.52626,1.00,1.00
2016.02.02 04:18:59.218,1.52602,1.52626,1.37,1.00
2016.02.02 04:19:02.045,1.52602,1.52626,1.12,1.50
2016.02.02 04:19:02.555,1.52602,1.52625,1.12,1.00
2016.02.02 04:19:03.198,1.52601,1.52625,1.00,1.00
2016.02.02 04:19:05.305,1.52598,1.52625,1.37,1.00
2016.02.02 04:19:05.407,1.52597,1.52623,2.25,1.00
2016.02.02 04:19:05.458,1.52597,1.52623,1.12,1.00
2016.02.02 04:19:05.977,1.52597,1.52622,1.12,1.50
2016.02.02 04:19:06.941,1.52597,1.52623,1.50,1.50
2016.02.02 04:19:06.992,1.52597,1.52623,1.87,1.50
2016.02.02 04:19:07.540,1.52601,1.52623,1.00,1.00
2016.02.02 04:19:07.845,1.52597,1.52625,3.75,1.00
2016.02.02 04:19:07.896,1.526,1.52625,1.37,1.00
2016.02.02 04:19:14.422,1.52604,1.52623,1.50,1.00
2016.02.02 04:19:14.524,1.52608,1.52632,1.00,1.87
2016.02.02 04:19:14.576,1.52608,1.52632,1.87,1.87
2016.02.02 04:19:15.084,1.52611,1.52632,1.87,1.50
2016.02.02 04:19:17.667,1.52611,1.52632,1.87,1.00
2016.02.02 04:19:19.238,1.52612,1.52637,1.00,1.50
2016.02.02 04:19:22.685,1.52611,1.52635,1.87,1.00
2016.02.02 04:19:22.990,1.52607,1.52629,2.25,1.00
2016.02.02 04:19:23.041,1.52607,1.52629,1.00,1.00
2016.02.02 04:19:23.093,1.52605,1.52629,1.12,1.00
2016.02.02 04:19:28.074,1.52605,1.52631,1.12,1.00
2016.02.02 04:19:28.278,1.52604,1.52628,1.87,1.00
2016.02.02 04:19:29.316,1.52604,1.52628,1.00,1.50
2016.02.02 04:19:31.031,1.52602,1.52628,1.87,1.50
2016.02.02 04:19:34.489,1.52602,1.52627,1.87,1.00
2016.02.02 04:19:40.394,1.52599,1.52626,1.87,1.00
2016.02.02 04:19:40.924,1.52599,1.52627,2.62,1.00
2016.02.02 04:19:43.418,1.52601,1.52629,1.12,1.00
2016.02.02 04:19:43.571,1.52604,1.5263,1.87,1.00
2016.02.02 04:19:46.073,1.52604,1.52631,3.37,1.00
2016.02.02 04:19:46.385,1.52607,1.52632,1.75,2.25
2016.02.02 04:19:50.789,1.52607,1.52632,1.37,1.00
2016.02.02 04:19:50.841,1.52607,1.52636,1.37,1.50
2016.02.02 04:19:50.944,1.5261,1.52638,1.00,1.00
2016.02.02 04:19:50.996,1.52611,1.52638,1.50,1.00
2016.02.02 04:19:51.047,1.52611,1.5264,1.50,1.00
2016.02.02 04:19:51.403,1.52613,1.5264,2.25,1.00
2016.02.02 04:19:52.473,1.52615,1.52641,1.12,1.00
2016.02.02 04:19:52.802,1.52615,1.52638,1.12,1.00
2016.02.02 04:19:55.237,1.52615,1.52639,1.31,1.00
2016.02.02 04:19:55.644,1.52617,1.5264,1.00,1.00
2016.02.02 04:19:56.024,1.52618,1.5264,1.56,1.00
2016.02.02 04:19:56.125,1.52618,1.52644,1.69,1.12
2016.02.02 04:19:56.671,1.52621,1.52645,1.56,1.00
2016.02.02 04:19:57.179,1.52621,1.52644,1.56,1.00
2016.02.02 04:19:57.724,1.52621,1.52645,1.56,1.00
2016.02.02 04:20:00.548,1.5262,1.52646,1.56,1.50
2016.02.02 04:20:00.854,1.52618,1.52641,1.56,1.00
2016.02.02 04:20:01.754,1.52618,1.52641,1.56,1.00
2016.02.02 04:20:04.469,1.52619,1.52645,1.31,1.37
2016.02.02 04:20:04.922,1.52619,1.52641,1.31,1.00
2016.02.02 04:20:05.462,1.52617,1.5264,1.56,1.00
2016.02.02 04:20:06.269,1.52617,1.52639,1.56,1.00
2016.02.02 04:20:06.778,1.52617,1.5264,1.56,1.00
2016.02.02 04:20:08.230,1.52617,1.5264,1.12,1.00
2016.02.02 04:20:10.781,1.52617,1.5264,1.12,1.00
2016.02.02 04:20:13.540,1.52617,1.5264,1.12,1.00
2016.02.02 04:20:14.506,1.52614,1.5264,3.00,1.00
2016.02.02 04:20:14.608,1.52614,1.52634,1.00,1.00
2016.02.02 04:20:14.711,1.52611,1.52634,2.25,1.00
2016.02.02 04:20:16.954,1.52612,1.52634,1.75,1.00
2016.02.02 04:20:20.478,1.52612,1.52634,1.87,1.00
2016.02.02 04:20:21.940,1.52609,1.52634,3.94,1.00
2016.02.02 04:20:22.278,1.52613,1.52634,1.00,1.00
2016.02.02 04:20:22.600,1.52613,1.52635,1.75,1.00
2016.02.02 04:20:24.157,1.52613,1.52635,2.32,1.00
2016.02.02 04:20:25.189,1.52613,1.52635,1.37,1.00
2016.02.02 04:20:26.158,1.52613,1.52635,1.37,1.00
2016.02.02 04:20:27.196,1.52614,1.52635,1.37,1.00
2016.02.02 04:20:28.157,1.52614,1.52635,1.37,1.00
2016.02.02 04:20:29.200,1.52617,1.52635,1.37,1.00
2016.02.02 04:20:30.305,1.52617,1.52635,1.37,1.00
2016.02.02 04:20:31.363,1.52617,1.52635,1.37,1.00
2016.02.02 04:20:32.413,1.52617,1.52635,1.37,1.00
2016.02.02 04:20:33.621,1.52617,1.52634,1.37,1.00
2016.02.02 04:20:34.696,1.52616,1.52634,1.37,1.00
2016.02.02 04:20:36.681,1.52616,1.52634,1.37,1.00
2016.02.02 04:20:38.372,1.52616,1.52635,1.37,1.00
2016.02.02 04:20:38.899,1.52617,1.52635,1.37,1.00
2016.02.02 04:20:39.812,1.52617,1.52637,1.37,1.00
2016.02.02 04:20:40.676,1.52617,1.52637,1.37,1.00
2016.02.02 04:20:41.234,1.52617,1.52641,1.37,1.00
2016.02.02 04:20:41.741,1.52617,1.52641,1.37,1.00
2016.02.02 04:20:43.666,1.52617,1.52642,1.37,1.12
2016.02.02 04:20:44.192,1.52618,1.52641,1.37,1.00
2016.02.02 04:20:44.803,1.52618,1.52641,1.37,1.00
2016.02.02 04:20:45.879,1.52618,1.52641,1.37,1.00
2016.02.02 04:20:46.797,1.52618,1.52641,1.37,1.00
2016.02.02 04:20:48.160,1.52618,1.52641,1.37,1.19
2016.02.02 04:20:48.687,1.52618,1.52639,1.37,1.00
2016.02.02 04:20:49.947,1.52616,1.52641,1.37,1.69
2016.02.02 04:20:50.252,1.52616,1.52637,1.37,1.00
2016.02.02 04:20:50.790,1.52616,1.52637,1.37,1.00
2016.02.02 04:20:52.335,1.52616,1.52638,1.37,1.00
2016.02.02 04:20:52.843,1.52616,1.52638,1.87,1.00
2016.02.02 04:20:53.895,1.52616,1.52638,1.87,1.00
2016.02.02 04:20:55.941,1.52617,1.52638,1.37,1.00
2016.02.02 04:20:56.457,1.52617,1.52639,1.37,1.00
2016.02.02 04:20:56.994,1.52617,1.52639,1.37,1.00
2016.02.02 04:20:57.907,1.52617,1.52639,1.37,1.00
2016.02.02 04:20:58.400,1.52614,1.52636,1.87,1.37
2016.02.02 04:20:58.453,1.52614,1.52636,1.87,1.50
2016.02.02 04:20:58.504,1.52612,1.52635,1.50,1.19
2016.02.02 04:20:59.013,1.52615,1.52637,1.37,1.56
2016.02.02 04:21:00.303,1.52615,1.52638,1.37,1.31
2016.02.02 04:21:00.811,1.52618,1.52638,1.37,1.31
2016.02.02 04:21:01.709,1.52618,1.52638,1.37,1.25
2016.02.02 04:21:01.811,1.52618,1.52638,1.37,1.25
2016.02.02 04:21:04.828,1.52618,1.52638,1.37,1.00
2016.02.02 04:21:05.849,1.52619,1.52638,1.37,1.00
2016.02.02 04:21:10.081,1.52625,1.52639,1.00,1.00
2016.02.02 04:21:10.132,1.52625,1.52641,1.00,1.00
2016.02.02 04:21:10.234,1.52625,1.52641,1.37,1.00
2016.02.02 04:21:10.286,1.52625,1.52643,1.37,1.00
2016.02.02 04:21:10.490,1.52627,1.52645,1.50,1.00
2016.02.02 04:21:10.542,1.52627,1.52645,1.50,1.00
2016.02.02 04:21:10.595,1.5263,1.52647,1.00,1.00
2016.02.02 04:21:10.698,1.52629,1.5265,1.37,1.00
2016.02.02 04:21:10.800,1.5263,1.52647,1.37,1.00
2016.02.02 04:21:10.902,1.52627,1.52651,1.37,1.00
2016.02.02 04:21:11.054,1.52627,1.52644,1.37,1.00
2016.02.02 04:21:11.156,1.52624,1.52643,1.57,1.00
2016.02.02 04:21:11.381,1.52626,1.52643,1.37,1.00
2016.02.02 04:21:11.636,1.52624,1.52641,2.06,1.00
2016.02.02 04:21:11.738,1.52624,1.5264,1.62,1.00
2016.02.02 04:21:11.790,1.52624,1.52642,1.62,1.00
2016.02.02 04:21:11.893,1.52625,1.52638,1.12,1.00
2016.02.02 04:21:12.572,1.52626,1.52638,1.00,1.00
2016.02.02 04:21:13.250,1.52626,1.52645,1.12,1.00
2016.02.02 04:21:13.352,1.52626,1.52649,1.12,1.50
2016.02.02 04:21:13.403,1.52628,1.52649,1.00,1.50
2016.02.02 04:21:13.657,1.52628,1.52652,1.37,1.50
2016.02.02 04:21:14.095,1.52629,1.5265,1.37,1.00
2016.02.02 04:21:14.755,1.52631,1.52651,1.12,1.00
2016.02.02 04:21:15.747,1.5263,1.52651,1.37,1.00
2016.02.02 04:21:16.759,1.5263,1.52651,1.37,1.00
2016.02.02 04:21:17.116,1.52635,1.52651,1.00,1.00
2016.02.02 04:21:17.421,1.52636,1.52655,1.00,1.00
2016.02.02 04:21:17.573,1.52636,1.52655,1.37,1.00
2016.02.02 04:21:18.318,1.52643,1.52655,1.00,1.00
2016.02.02 04:21:18.465,1.52645,1.52658,1.00,1.00
2016.02.02 04:21:18.626,1.52645,1.52662,1.00,1.00
2016.02.02 04:21:19.516,1.52643,1.52662,1.37,1.00
2016.02.02 04:21:21.359,1.52643,1.52662,1.37,1.00
2016.02.02 04:21:23.782,1.52643,1.52662,1.37,1.00
2016.02.02 04:21:27.394,1.52644,1.52662,1.37,1.00
2016.02.02 04:21:27.771,1.52644,1.52664,1.37,1.00
2016.02.02 04:21:28.501,1.52642,1.52661,1.00,1.00
2016.02.02 04:21:28.760,1.52639,1.52661,1.37,1.12
2016.02.02 04:21:29.268,1.52639,1.52661,1.00,1.12
2016.02.02 04:21:29.623,1.52639,1.52657,1.37,1.00
2016.02.02 04:21:29.725,1.52639,1.52659,1.37,1.00
2016.02.02 04:21:30.610,1.52639,1.52659,1.37,1.00
2016.02.02 04:21:32.747,1.52639,1.52659,1.37,1.00
2016.02.02 04:21:35.719,1.5264,1.52659,1.37,1.00
2016.02.02 04:21:36.980,1.5264,1.52661,1.37,1.12
2016.02.02 04:21:39.679,1.52642,1.52661,1.37,1.00
2016.02.02 04:21:42.704,1.52642,1.52661,1.37,1.00
2016.02.02 04:21:43.111,1.52643,1.52663,1.37,1.00
2016.02.02 04:21:43.516,1.52643,1.52661,1.37,1.00
2016.02.02 04:21:44.105,1.52643,1.52661,1.37,1.00
2016.02.02 04:21:45.148,1.52643,1.52661,1.37,1.00
2016.02.02 04:21:46.570,1.52643,1.52659,1.37,1.00
2016.02.02 04:21:47.131,1.52643,1.52659,1.37,1.00
2016.02.02 04:21:47.788,1.52643,1.5266,1.37,1.00
2016.02.02 04:21:48.335,1.52642,1.5266,1.37,1.00
2016.02.02 04:21:48.848,1.52642,1.52661,1.37,1.00
2016.02.02 04:21:49.243,1.52642,1.5266,1.37,1.00
2016.02.02 04:21:49.854,1.52642,1.52662,1.37,1.00
2016.02.02 04:21:50.411,1.52642,1.52662,1.50,1.00
2016.02.02 04:21:52.324,1.52642,1.52662,1.50,1.00
2016.02.02 04:21:54.900,1.52644,1.52663,1.37,1.00
2016.02.02 04:21:58.860,1.52644,1.52664,1.37,1.00
2016.02.02 04:21:59.851,1.5265,1.52664,1.37,1.00
2016.02.02 04:22:00.157,1.52662,1.52679,1.69,1.00
2016.02.02 04:22:00.411,1.52664,1.52683,1.37,1.50
2016.02.02 04:22:00.462,1.52664,1.52683,1.37,1.12
2016.02.02 04:22:00.513,1.52664,1.52685,1.37,1.50
2016.02.02 04:22:00.813,1.52666,1.52686,1.37,1.50
2016.02.02 04:22:01.170,1.52666,1.52682,1.00,1.00
2016.02.02 04:22:01.678,1.52666,1.52683,1.12,1.75
2016.02.02 04:22:01.881,1.52668,1.52685,1.12,1.12
2016.02.02 04:22:04.718,1.52668,1.52685,1.00,1.37
2016.02.02 04:22:05.646,1.52668,1.52686,1.00,1.12
2016.02.02 04:22:06.189,1.52669,1.52686,1.00,1.12
2016.02.02 04:22:07.026,1.52669,1.52688,1.00,1.37
2016.02.02 04:22:07.535,1.52669,1.52688,1.12,1.00
2016.02.02 04:22:07.778,1.52661,1.52671,1.94,1.00
2016.02.02 04:22:07.932,1.52645,1.52664,2.25,1.87
2016.02.02 04:22:07.984,1.52645,1.52664,1.50,2.25
2016.02.02 04:22:08.036,1.52641,1.52661,1.00,1.12
2016.02.02 04:22:08.138,1.52634,1.52659,1.12,1.37
2016.02.02 04:22:08.647,1.52634,1.52657,1.37,1.50
2016.02.02 04:22:09.155,1.52634,1.52657,1.00,1.50
2016.02.02 04:22:09.363,1.52636,1.52657,1.00,1.50
2016.02.02 04:22:12.411,1.52634,1.52657,1.00,1.50
2016.02.02 04:22:14.325,1.52636,1.52657,1.00,1.50
2016.02.02 04:22:14.630,1.52636,1.5266,1.87,1.12
2016.02.02 04:22:16.466,1.52638,1.5266,1.37,1.12
2016.02.02 04:22:16.567,1.52638,1.52662,1.37,1.99
2016.02.02 04:22:16.973,1.52638,1.52662,1.37,2.74
2016.02.02 04:22:18.088,1.52638,1.52662,1.37,3.49
2016.02.02 04:22:18.495,1.52641,1.52662,1.37,2.74
2016.02.02 04:22:18.597,1.52641,1.52662,1.37,2.36
2016.02.02 04:22:19.524,1.52641,1.52662,1.37,2.25
2016.02.02 04:22:21.642,1.5264,1.52662,1.37,1.87
2016.02.02 04:22:22.493,1.5264,1.52662,1.37,1.87
2016.02.02 04:22:24.538,1.5264,1.52662,1.37,1.87
2016.02.02 04:22:25.531,1.5264,1.52662,1.37,1.87
2016.02.02 04:22:26.642,1.52638,1.52662,1.37,2.62
2016.02.02 04:22:26.745,1.52638,1.52662,1.00,3.00
2016.02.02 04:22:28.672,1.52637,1.5266,1.00,1.50
2016.02.02 04:22:33.736,1.52637,1.52658,1.00,1.00
2016.02.02 04:22:38.000,1.52637,1.52657,1.00,1.00
2016.02.02 04:22:40.659,1.52635,1.52657,1.50,1.00
2016.02.02 04:22:43.341,1.52639,1.52657,1.00,1.00
2016.02.02 04:22:43.848,1.52639,1.52658,1.00,1.75
2016.02.02 04:22:44.102,1.52637,1.52658,1.50,1.75
2016.02.02 04:22:44.204,1.52639,1.5266,1.00,1.12
2016.02.02 04:22:44.306,1.52639,1.52662,1.00,2.62
2016.02.02 04:22:44.510,1.52637,1.52662,1.50,2.62
2016.02.02 04:22:45.174,1.52637,1.5266,1.00,2.00
2016.02.02 04:22:45.479,1.5263,1.52649,1.00,1.12
2016.02.02 04:22:45.531,1.52629,1.52652,1.00,2.81
2016.02.02 04:22:45.634,1.52631,1.52652,1.00,3.56
2016.02.02 04:22:46.181,1.52632,1.52651,1.00,1.12
2016.02.02 04:22:46.487,1.52634,1.52653,1.37,1.31
2016.02.02 04:22:46.995,1.52634,1.52656,1.37,1.69
2016.02.02 04:22:47.047,1.52634,1.52655,1.37,1.12
2016.02.02 04:22:48.029,1.52635,1.52657,1.37,2.06
2016.02.02 04:22:48.734,1.52635,1.52658,1.37,1.69
2016.02.02 04:22:49.073,1.52639,1.52658,1.00,1.12
2016.02.02 04:22:49.276,1.52639,1.5266,1.37,2.25
2016.02.02 04:22:49.378,1.52639,1.5266,1.37,1.50
2016.02.02 04:22:49.936,1.52643,1.52662,1.00,1.50
2016.02.02 04:22:50.466,1.52643,1.52662,1.37,1.50
2016.02.02 04:22:50.770,1.5265,1.52662,1.00,1.00
2016.02.02 04:22:50.821,1.52651,1.52666,1.00,2.25
2016.02.02 04:22:50.872,1.52652,1.52666,1.37,1.75
2016.02.02 04:22:50.974,1.52652,1.52666,1.37,1.00
2016.02.02 04:22:51.025,1.52652,1.52671,1.37,1.00
2016.02.02 04:22:51.534,1.52652,1.52673,1.37,1.50
2016.02.02 04:22:51.742,1.52652,1.52673,1.00,1.50
2016.02.02 04:22:53.284,1.52651,1.52673,1.00,1.50
2016.02.02 04:22:53.640,1.52654,1.52674,1.00,1.75
2016.02.02 04:22:53.945,1.52657,1.52676,1.37,1.50
2016.02.02 04:22:53.996,1.52657,1.52676,1.37,1.00
2016.02.02 04:22:54.149,1.52657,1.52676,1.00,1.00
2016.02.02 04:22:54.251,1.52655,1.52676,1.00,1.12
2016.02.02 04:22:54.302,1.52655,1.52674,1.00,1.00
2016.02.02 04:22:54.850,1.52655,1.52673,1.00,1.00
2016.02.02 04:22:55.896,1.52655,1.52673,1.00,1.50
2016.02.02 04:23:01.252,1.52653,1.52672,1.00,1.12
2016.02.02 04:23:02.992,1.52656,1.52675,1.00,3.00
2016.02.02 04:23:03.094,1.52656,1.52675,1.00,1.50
2016.02.02 04:23:03.196,1.52659,1.52675,1.00,1.00
2016.02.02 04:23:03.732,1.52659,1.52678,1.00,1.75
2016.02.02 04:23:04.190,1.52661,1.52678,1.00,1.75
2016.02.02 04:23:04.292,1.52661,1.52681,1.00,2.25
2016.02.02 04:23:06.114,1.52666,1.5268,1.00,1.12
2016.02.02 04:23:06.166,1.52662,1.5268,1.00,1.12
2016.02.02 04:23:06.273,1.52667,1.52686,1.00,2.62
2016.02.02 04:23:06.324,1.52661,1.52686,1.00,2.06
2016.02.02 04:23:06.578,1.52661,1.52681,1.00,1.00
2016.02.02 04:23:06.629,1.52663,1.52686,1.00,3.00
2016.02.02 04:23:06.731,1.52663,1.52686,1.00,3.00
2016.02.02 04:23:07.240,1.52663,1.52684,1.00,1.00
2016.02.02 04:23:07.538,1.52668,1.52684,1.00,1.00
2016.02.02 04:23:07.845,1.52666,1.52688,1.00,1.00
2016.02.02 04:23:08.100,1.52666,1.52688,1.00,1.50
2016.02.02 04:23:09.514,1.52664,1.5269,1.00,1.87
2016.02.02 04:23:09.616,1.52668,1.52688,1.00,1.12
2016.02.02 04:23:09.778,1.52665,1.52684,1.00,1.04
2016.02.02 04:23:09.829,1.52662,1.52685,1.00,1.41
2016.02.02 04:23:09.881,1.5266,1.52684,1.12,1.04
2016.02.02 04:23:10.034,1.52663,1.52685,1.00,1.87
2016.02.02 04:23:10.136,1.52663,1.52685,1.00,1.75
2016.02.02 04:23:12.071,1.52664,1.52687,1.00,1.12
2016.02.02 04:23:12.411,1.52664,1.52688,1.00,1.75
2016.02.02 04:23:17.113,1.52665,1.52688,1.00,2.25
2016.02.02 04:23:20.193,1.52663,1.52688,1.00,2.25
2016.02.02 04:23:20.498,1.52663,1.52684,1.00,1.00
2016.02.02 04:23:21.403,1.52663,1.52683,1.00,1.00
2016.02.02 04:23:21.708,1.52659,1.52682,1.00,1.00
2016.02.02 04:23:21.861,1.52657,1.52681,1.00,1.00
2016.02.02 04:23:21.912,1.52655,1.52681,1.00,1.00
2016.02.02 04:23:22.217,1.52649,1.52673,2.25,1.00
2016.02.02 04:23:22.524,1.52642,1.52661,1.00,1.00
2016.02.02 04:23:22.575,1.5264,1.52665,1.00,1.00
2016.02.02 04:23:22.779,1.52639,1.52663,1.00,1.00
2016.02.02 04:23:23.455,1.52637,1.52662,1.00,1.12
2016.02.02 04:23:23.864,1.52634,1.5266,1.00,1.00
2016.02.02 04:23:24.382,1.52635,1.52662,1.00,2.25
2016.02.02 04:23:26.907,1.52632,1.5266,1.00,2.25
2016.02.02 04:23:27.111,1.52637,1.52659,1.25,1.12
2016.02.02 04:23:27.415,1.52634,1.5266,1.00,2.25
2016.02.02 04:23:28.734,1.52634,1.52659,1.00,1.00
2016.02.02 04:23:29.037,1.52636,1.5266,1.00,1.50
2016.02.02 04:23:29.342,1.52639,1.52663,1.00,1.87
2016.02.02 04:23:29.394,1.52639,1.52663,1.00,1.12
2016.02.02 04:23:29.952,1.52639,1.52666,1.00,2.25
2016.02.02 04:23:30.467,1.52639,1.52666,1.00,2.25
2016.02.02 04:23:33.342,1.52645,1.52665,1.00,1.12
2016.02.02 04:23:33.544,1.52642,1.52667,1.00,1.94
2016.02.02 04:23:33.597,1.52641,1.52663,1.37,1.00
2016.02.02 04:23:33.751,1.52641,1.52665,1.37,1.00
2016.02.02 04:23:33.802,1.52641,1.52667,1.00,1.31
2016.02.02 04:23:33.853,1.52644,1.52667,1.00,1.12
2016.02.02 04:23:34.006,1.52647,1.52671,1.00,1.00
2016.02.02 04:23:34.209,1.52647,1.52673,1.00,1.00
2016.02.02 04:23:34.261,1.52649,1.52673,1.00,1.00
2016.02.02 04:23:34.312,1.52649,1.52676,1.00,3.00
2016.02.02 04:23:34.738,1.52649,1.52673,1.00,1.00
2016.02.02 04:23:34.942,1.52649,1.52675,1.00,1.00
2016.02.02 04:23:35.399,1.52649,1.52673,1.00,1.00
2016.02.02 04:23:35.917,1.52646,1.52673,1.12,1.00
2016.02.02 04:23:36.425,1.52646,1.52675,1.12,1.37
2016.02.02 04:23:36.628,1.52648,1.52675,1.00,1.37
2016.02.02 04:23:37.035,1.52646,1.52675,1.50,1.37
2016.02.02 04:23:37.143,1.52646,1.52671,1.12,1.00
2016.02.02 04:23:37.448,1.52647,1.52671,1.87,1.12
2016.02.02 04:23:37.499,1.52647,1.52676,1.12,2.25
2016.02.02 04:23:38.261,1.52647,1.52673,1.00,1.00
2016.02.02 04:23:38.767,1.52647,1.52674,1.00,1.87
2016.02.02 04:23:39.835,1.52647,1.52674,1.37,1.12
2016.02.02 04:23:40.091,1.52651,1.52678,1.56,1.87
2016.02.02 04:23:40.244,1.52657,1.5268,1.00,1.12
2016.02.02 04:23:40.295,1.52654,1.52682,1.00,1.12
2016.02.02 04:23:40.347,1.52654,1.52681,1.00,1.00
2016.02.02 04:23:40.601,1.52654,1.52682,1.00,1.50
2016.02.02 04:23:40.652,1.52651,1.52681,1.00,1.50
2016.02.02 04:23:40.703,1.52651,1.52677,1.00,1.00
2016.02.02 04:23:41.113,1.52651,1.52681,1.00,3.75
2016.02.02 04:23:41.362,1.52651,1.52676,1.00,1.00
2016.02.02 04:23:41.667,1.52651,1.52676,1.00,1.50
2016.02.02 04:23:41.819,1.52648,1.52678,1.00,1.87
2016.02.02 04:23:42.428,1.52651,1.52676,1.00,2.25
2016.02.02 04:23:42.733,1.52656,1.52683,1.00,1.12
2016.02.02 04:23:43.242,1.52653,1.5268,1.50,1.00
2016.02.02 04:23:43.751,1.52653,1.5268,1.00,1.50
2016.02.02 04:23:45.890,1.52653,1.52679,1.00,1.00
2016.02.02 04:23:45.992,1.5265,1.52679,1.00,1.00
2016.02.02 04:23:46.527,1.5265,1.5268,1.00,3.75
2016.02.02 04:23:46.832,1.5265,1.52679,1.56,1.00
2016.02.02 04:23:47.137,1.52653,1.5268,1.19,1.87
2016.02.02 04:23:47.239,1.52653,1.5268,1.19,1.50
2016.02.02 04:23:52.253,1.52653,1.52678,1.19,1.00
2016.02.02 04:23:53.167,1.52653,1.5268,1.19,2.25
2016.02.02 04:23:53.673,1.52653,1.52678,1.19,1.00
2016.02.02 04:23:54.422,1.52653,1.52678,1.00,1.00
2016.02.02 04:23:55.436,1.52656,1.5268,1.00,2.25
2016.02.02 04:23:55.639,1.52656,1.52681,1.00,1.00
2016.02.02 04:23:56.168,1.52656,1.52681,1.50,1.00
2016.02.02 04:23:56.728,1.52659,1.52681,1.00,1.00
2016.02.02 04:23:57.034,1.52659,1.52684,1.00,1.19
2016.02.02 04:23:59.129,1.52659,1.52685,1.00,1.69
2016.02.02 04:24:00.478,1.52659,1.52685,1.00,2.44
2016.02.02 04:24:01.866,1.52658,1.52685,1.00,2.44
2016.02.02 04:24:02.373,1.52658,1.52683,1.00,1.00
2016.02.02 04:24:02.956,1.52658,1.52685,1.00,2.06
2016.02.02 04:24:03.471,1.52658,1.52683,1.00,1.00
2016.02.02 04:24:03.826,1.52658,1.52681,1.00,1.00
2016.02.02 04:24:04.783,1.52658,1.52682,1.00,1.50
2016.02.02 04:24:04.935,1.52655,1.52682,1.37,1.12
2016.02.02 04:24:05.443,1.52655,1.52681,1.00,1.00
2016.02.02 04:24:05.676,1.52655,1.52679,1.00,1.00
2016.02.02 04:24:05.879,1.52655,1.52681,1.00,1.00
2016.02.02 04:24:06.539,1.52655,1.52678,1.00,1.00
2016.02.02 04:24:06.793,1.52655,1.52681,1.00,1.00
2016.02.02 04:24:07.114,1.52655,1.52679,1.00,1.00
2016.02.02 04:24:07.445,1.52655,1.52681,1.00,1.00
2016.02.02 04:24:07.952,1.52655,1.5268,1.00,1.00
2016.02.02 04:24:08.496,1.52655,1.52681,1.00,1.69
2016.02.02 04:24:08.852,1.52655,1.5268,1.00,1.50
2016.02.02 04:24:08.953,1.52652,1.5268,1.00,1.50
2016.02.02 04:24:09.309,1.5265,1.52676,1.00,1.12
2016.02.02 04:24:09.816,1.5265,1.52675,1.00,1.00
2016.02.02 04:24:10.324,1.5265,1.52677,1.50,1.00
2016.02.02 04:24:10.831,1.5265,1.52677,1.00,1.50
2016.02.02 04:24:11.367,1.52651,1.52677,1.00,1.50
2016.02.02 04:24:11.801,1.52657,1.52676,1.00,1.12
2016.02.02 04:24:11.954,1.52654,1.52681,1.00,1.31
2016.02.02 04:24:12.056,1.52654,1.52683,1.12,2.81
2016.02.02 04:24:12.259,1.52652,1.5268,1.00,1.75
2016.02.02 04:24:12.462,1.52649,1.5268,1.00,1.75
2016.02.02 04:24:12.716,1.52651,1.52679,1.00,1.75
2016.02.02 04:24:12.818,1.52649,1.52678,1.00,1.50
2016.02.02 04:24:13.325,1.52649,1.52676,1.50,1.00
2016.02.02 04:24:13.782,1.52656,1.52675,1.00,1.00
2016.02.02 04:24:13.935,1.52656,1.52679,1.00,1.75
2016.02.02 04:24:14.069,1.52653,1.52683,1.50,1.69
2016.02.02 04:24:14.120,1.52653,1.52683,1.12,2.44
2016.02.02 04:24:14.222,1.52651,1.52682,1.00,2.44
2016.02.02 04:24:14.527,1.52651,1.52679,1.00,1.75
2016.02.02 04:24:14.731,1.52651,1.52679,1.50,1.12
2016.02.02 04:24:15.238,1.52651,1.52678,1.00,1.00
2016.02.02 04:24:15.441,1.52653,1.5268,1.00,1.50
2016.02.02 04:24:17.828,1.52654,1.52681,1.25,1.50
2016.02.02 04:24:18.132,1.52658,1.52686,1.50,2.62
2016.02.02 04:24:18.437,1.5266,1.52686,1.00,2.62
2016.02.02 04:24:21.940,1.52662,1.52686,1.50,1.87
2016.02.02 04:24:22.143,1.52664,1.52689,1.87,1.12
2016.02.02 04:24:22.245,1.52664,1.5269,1.00,2.44
2016.02.02 04:24:22.752,1.52663,1.52689,1.00,1.50
2016.02.02 04:24:23.259,1.52663,1.52687,1.00,1.00
2016.02.02 04:24:23.767,1.52663,1.52686,1.00,1.00
2016.02.02 04:24:24.623,1.52663,1.52685,1.00,1.00
2016.02.02 04:24:26.316,1.52661,1.52685,1.50,1.00
2016.02.02 04:24:26.418,1.52661,1.52685,1.00,1.19
2016.02.02 04:24:26.570,1.52658,1.52682,1.12,1.00
2016.02.02 04:24:27.120,1.52656,1.52681,1.00,1.00
2016.02.02 04:24:27.627,1.52656,1.5268,1.00,1.00
2016.02.02 04:24:28.135,1.52656,1.52679,1.00,1.00
2016.02.02 04:24:29.458,1.52663,1.52679,1.00,1.00
2016.02.02 04:24:29.763,1.52668,1.52695,1.00,2.62
2016.02.02 04:24:29.814,1.52671,1.52695,1.00,2.62
2016.02.02 04:24:29.882,1.52671,1.52695,1.00,2.25
2016.02.02 04:24:30.238,1.52665,1.52693,1.50,1.31
2016.02.02 04:24:30.289,1.52665,1.5269,1.37,1.56
2016.02.02 04:24:30.442,1.52661,1.52684,1.00,1.00
2016.02.02 04:24:30.493,1.52658,1.52684,2.62,1.00
2016.02.02 04:24:30.545,1.52658,1.52681,2.25,1.00
2016.02.02 04:24:31.081,1.52658,1.52679,1.00,1.00
2016.02.02 04:24:33.595,1.52658,1.5268,1.00,1.00
2016.02.02 04:24:37.707,1.52657,1.5268,1.00,1.00
2016.02.02 04:24:37.809,1.52657,1.52682,1.00,1.00
2016.02.02 04:24:39.008,1.52657,1.52681,1.00,1.00
2016.02.02 04:24:41.420,1.52664,1.52681,1.00,1.00
2016.02.02 04:24:41.471,1.52658,1.52681,1.69,1.00
2016.02.02 04:24:41.568,1.52666,1.52687,1.00,1.12
2016.02.02 04:24:41.619,1.52662,1.52687,1.00,1.94
2016.02.02 04:24:41.772,1.52662,1.52687,1.50,1.31
2016.02.02 04:24:41.874,1.52659,1.52687,2.25,1.69
2016.02.02 04:24:41.976,1.52659,1.52684,1.75,1.00
2016.02.02 04:24:42.180,1.52659,1.52684,1.00,1.00
2016.02.02 04:24:42.687,1.52659,1.52683,1.00,1.00
2016.02.02 04:24:43.223,1.52659,1.52682,1.00,1.00
2016.02.02 04:24:43.837,1.5266,1.52682,1.00,1.00
2016.02.02 04:24:43.901,1.52665,1.52682,1.00,1.00
2016.02.02 04:24:44.206,1.52672,1.52696,1.00,2.25
2016.02.02 04:24:44.308,1.52673,1.52696,1.00,2.25
2016.02.02 04:24:44.816,1.52674,1.52696,1.00,2.25
2016.02.02 04:24:45.742,1.52675,1.52696,1.50,1.50
2016.02.02 04:24:48.454,1.52676,1.52697,1.00,1.75
2016.02.02 04:24:50.174,1.52676,1.52698,1.00,1.12
2016.02.02 04:24:50.427,1.52676,1.52696,1.00,1.00
2016.02.02 04:24:50.978,1.52676,1.52697,1.00,1.00
2016.02.02 04:24:51.546,1.52676,1.52696,1.00,1.00
2016.02.02 04:24:52.564,1.52676,1.52697,1.00,1.00
2016.02.02 04:24:53.223,1.52676,1.52698,1.00,1.12
2016.02.02 04:24:53.727,1.52675,1.52697,1.50,1.00
2016.02.02 04:24:54.234,1.52675,1.52699,1.50,1.50
2016.02.02 04:24:54.742,1.52675,1.52697,1.50,1.00
2016.02.02 04:24:55.264,1.52675,1.52698,1.50,1.12
2016.02.02 04:24:55.771,1.52675,1.52697,1.50,1.00
2016.02.02 04:24:56.279,1.52675,1.52698,1.50,1.12
2016.02.02 04:24:57.033,1.52675,1.52696,1.50,1.00
2016.02.02 04:24:57.541,1.52675,1.52697,1.50,1.00
2016.02.02 04:25:01.458,1.52675,1.52698,1.50,1.12
2016.02.02 04:25:02.092,1.52675,1.52697,1.00,1.00
2016.02.02 04:25:02.296,1.52673,1.52697,1.50,1.00
2016.02.02 04:25:02.869,1.52673,1.52695,1.50,1.00
2016.02.02 04:25:03.013,1.52673,1.52697,1.50,1.00
2016.02.02 04:25:03.115,1.52673,1.52695,1.50,1.00
2016.02.02 04:25:04.436,1.52673,1.52697,1.00,1.00
2016.02.02 04:25:06.932,1.52673,1.52698,1.00,1.00
2016.02.02 04:25:07.442,1.52673,1.52697,1.00,1.00
2016.02.02 04:25:07.940,1.52677,1.52697,1.00,1.12
2016.02.02 04:25:08.093,1.52675,1.52697,1.12,1.50
2016.02.02 04:25:08.247,1.52675,1.52698,1.00,1.00
2016.02.02 04:25:08.399,1.52674,1.52696,1.00,1.00
2016.02.02 04:25:09.363,1.52674,1.52697,1.00,1.00
2016.02.02 04:25:09.870,1.52674,1.52696,1.00,1.00
2016.02.02 04:25:10.631,1.52673,1.52696,1.00,1.00
2016.02.02 04:25:11.040,1.52672,1.52694,1.00,1.00
2016.02.02 04:25:12.005,1.52672,1.52696,1.00,1.00
2016.02.02 04:25:12.516,1.52673,1.52696,1.00,1.00
2016.02.02 04:25:12.669,1.52673,1.52698,1.00,1.12
2016.02.02 04:25:13.216,1.52673,1.52697,1.00,1.00
2016.02.02 04:25:13.761,1.52673,1.52696,1.00,1.00
2016.02.02 04:25:13.864,1.52673,1.52698,1.00,1.12
2016.02.02 04:25:14.374,1.52673,1.52697,1.00,1.00
2016.02.02 04:25:14.982,1.52673,1.52696,1.00,1.00
2016.02.02 04:25:15.743,1.52673,1.52697,1.00,1.00
2016.02.02 04:25:16.250,1.52673,1.52696,1.00,1.00
2016.02.02 04:25:18.321,1.52672,1.52696,1.50,1.00
2016.02.02 04:25:18.372,1.52672,1.52698,1.50,1.12
2016.02.02 04:25:18.539,1.52672,1.52695,1.00,1.00
2016.02.02 04:25:19.063,1.52672,1.52696,1.50,1.00
2016.02.02 04:25:19.671,1.52672,1.52696,1.00,1.19
2016.02.02 04:25:19.976,1.52666,1.5269,1.50,1.00
2016.02.02 04:25:20.485,1.52666,1.52689,1.50,1.00
2016.02.02 04:25:21.024,1.52666,1.5269,1.12,1.00
2016.02.02 04:25:21.126,1.52666,1.52688,1.12,1.00
2016.02.02 04:25:21.380,1.52666,1.5269,1.12,1.00
2016.02.02 04:25:21.838,1.52668,1.52689,1.00,1.00
2016.02.02 04:25:21.889,1.52668,1.52692,1.00,1.00
2016.02.02 04:25:21.940,1.52671,1.52692,1.00,1.00
2016.02.02 04:25:22.042,1.52671,1.52694,1.00,1.00
2016.02.02 04:25:22.576,1.52671,1.52695,1.50,1.00
2016.02.02 04:25:22.780,1.52671,1.52693,1.50,1.00
2016.02.02 04:25:23.306,1.52671,1.52694,1.50,1.00
2016.02.02 04:25:23.844,1.52671,1.52693,1.50,1.00
2016.02.02 04:25:24.406,1.52672,1.52693,1.00,1.00
2016.02.02 04:25:25.197,1.52672,1.52694,1.00,1.00
2016.02.02 04:25:27.328,1.52673,1.52694,1.00,1.00
2016.02.02 04:25:28.502,1.52673,1.52695,1.00,1.00
2016.02.02 04:25:30.138,1.52673,1.52694,1.00,1.00
2016.02.02 04:25:31.627,1.52671,1.52694,1.50,1.00
2016.02.02 04:25:31.934,1.52671,1.52692,1.50,1.00
2016.02.02 04:25:32.446,1.52671,1.52693,1.50,1.00
2016.02.02 04:25:32.977,1.52671,1.52692,1.00,1.00
2016.02.02 04:25:33.969,1.52671,1.52692,1.37,1.00
2016.02.02 04:25:37.095,1.52671,1.52693,1.50,1.00
2016.02.02 04:25:39.418,1.52674,1.52693,1.00,1.00
2016.02.02 04:25:39.520,1.52674,1.527,1.00,1.75
2016.02.02 04:25:39.571,1.52679,1.527,1.00,1.50
2016.02.02 04:25:40.028,1.52674,1.52698,1.50,1.56
2016.02.02 04:25:40.332,1.52669,1.5269,1.12,1.00
2016.02.02 04:25:40.383,1.5267,1.5269,1.00,1.00
2016.02.02 04:25:40.885,1.52666,1.52689,1.75,1.19
2016.02.02 04:25:41.292,1.52664,1.52685,2.25,1.00
2016.02.02 04:25:41.393,1.52664,1.52687,2.25,1.00
2016.02.02 04:25:41.916,1.52664,1.52686,1.87,1.00
2016.02.02 04:25:42.161,1.52664,1.52686,1.12,1.00
2016.02.02 04:25:42.769,1.52667,1.52686,1.00,1.00
2016.02.02 04:25:43.896,1.52667,1.52688,1.00,1.19
2016.02.02 04:25:44.975,1.52668,1.52689,1.00,1.31
2016.02.02 04:25:45.482,1.52669,1.52689,1.00,1.31
2016.02.02 04:25:46.032,1.52668,1.5269,1.00,1.56
2016.02.02 04:25:46.539,1.52669,1.52693,2.25,1.69
2016.02.02 04:25:46.844,1.52671,1.52693,1.00,1.56
2016.02.02 04:25:48.792,1.5267,1.52693,1.00,1.69
2016.02.02 04:25:49.604,1.5267,1.52693,1.00,1.24
2016.02.02 04:25:49.799,1.52672,1.52693,1.00,1.12
2016.02.02 04:25:50.105,1.52674,1.52695,1.00,1.00
2016.02.02 04:25:50.815,1.52674,1.52696,1.00,1.12
2016.02.02 04:25:51.336,1.52675,1.527,1.00,1.87
2016.02.02 04:25:53.034,1.52677,1.527,1.00,1.87
2016.02.02 04:25:53.339,1.52677,1.527,1.00,1.12
2016.02.02 04:25:53.902,1.52677,1.52701,1.00,1.87
2016.02.02 04:25:54.005,1.52677,1.52701,1.00,1.37
2016.02.02 04:25:54.529,1.52678,1.52703,1.00,1.75
2016.02.02 04:25:55.946,1.52678,1.52703,1.00,2.25
2016.02.02 04:25:56.781,1.5268,1.52703,1.00,2.25
2016.02.02 04:25:57.114,1.52675,1.527,1.12,1.00
2016.02.02 04:25:57.166,1.52676,1.52702,1.00,1.12
2016.02.02 04:25:57.218,1.52682,1.52703,1.00,1.50
2016.02.02 04:25:57.421,1.52678,1.52702,1.00,1.00
2016.02.02 04:25:57.929,1.52678,1.52702,1.00,1.37
2016.02.02 04:25:58.928,1.52677,1.52702,1.00,1.37
2016.02.02 04:25:59.030,1.5268,1.527,1.00,1.00
2016.02.02 04:25:59.233,1.52683,1.52704,1.00,1.00
2016.02.02 04:25:59.763,1.52683,1.52705,1.50,1.12
2016.02.02 04:26:00.284,1.52684,1.52705,1.00,1.12
2016.02.02 04:26:02.350,1.52684,1.52704,1.00,1.00
2016.02.02 04:26:03.409,1.52682,1.52704,1.00,1.00
2016.02.02 04:26:03.460,1.52682,1.527,1.00,1.00
2016.02.02 04:26:03.511,1.52677,1.527,1.75,1.00
2016.02.02 04:26:03.664,1.52676,1.527,1.00,1.50
2016.02.02 04:26:05.118,1.52677,1.527,1.00,1.37
2016.02.02 04:26:05.220,1.52683,1.527,1.00,1.37
2016.02.02 04:26:05.373,1.52681,1.52701,1.00,1.12
2016.02.02 04:26:05.425,1.52678,1.52702,1.00,1.75
2016.02.02 04:26:05.934,1.52678,1.527,1.00,1.87
2016.02.02 04:26:06.950,1.52674,1.52699,1.00,1.50
2016.02.02 04:26:07.002,1.52672,1.52697,1.12,1.00
2016.02.02 04:26:07.316,1.52672,1.52694,1.00,1.00
2016.02.02 04:26:07.621,1.52677,1.52702,1.00,1.12
2016.02.02 04:26:07.673,1.52676,1.52701,1.12,1.12
2016.02.02 04:26:07.732,1.52676,1.52701,1.12,1.87
2016.02.02 04:26:07.884,1.52674,1.527,1.00,1.37
2016.02.02 04:26:08.952,1.52676,1.52699,1.00,1.87
2016.02.02 04:26:09.257,1.52676,1.52702,1.50,1.37
2016.02.02 04:26:09.359,1.52674,1.52699,1.00,1.00
2016.02.02 04:26:09.411,1.52671,1.52694,1.75,1.25
2016.02.02 04:26:09.462,1.52671,1.52694,1.12,1.25
2016.02.02 04:26:09.719,1.52667,1.52691,1.12,1.00
2016.02.02 04:26:09.872,1.52666,1.52688,1.00,1.00
2016.02.02 04:26:10.827,1.52666,1.52689,1.00,1.50
2016.02.02 04:26:11.300,1.52667,1.52692,1.00,1.00
2016.02.02 04:26:11.806,1.52667,1.52693,1.00,1.00
2016.02.02 04:26:12.060,1.52669,1.52693,1.00,1.00
2016.02.02 04:26:12.577,1.52669,1.52694,1.00,2.81
2016.02.02 04:26:12.909,1.52669,1.52692,1.00,1.00
2016.02.02 04:26:14.340,1.52672,1.52692,1.00,1.00
2016.02.02 04:26:14.645,1.52675,1.52699,1.00,1.50
2016.02.02 04:26:14.747,1.52675,1.527,1.00,1.12
2016.02.02 04:26:15.255,1.52675,1.52699,1.00,1.12
2016.02.02 04:26:15.408,1.52677,1.527,1.00,3.37
2016.02.02 04:26:15.560,1.52677,1.52702,1.00,1.50
