2012.07.18 23:00:00.099,1.24013,1.24054,3.79,2.22
2012.07.18 23:00:01.488,1.24015,1.24052,1.54,1.47
2012.07.18 23:00:01.668,1.24015,1.24051,1.54,1.50
2012.07.18 23:00:01.733,1.24014,1.24051,1.54,1.50
2012.07.18 23:00:02.259,1.24014,1.24051,1.54,2.22
2012.07.18 23:00:03.652,1.2401,1.24051,1.54,2.22
2012.07.18 23:00:04.643,1.24012,1.24051,1.54,2.22
2012.07.18 23:00:09.433,1.24012,1.2405,1.54,2.22
2012.07.18 23:00:09.842,1.24014,1.24052,2.29,1.50
2012.07.18 23:00:10.370,1.24014,1.24052,1.54,1.50
2012.07.18 23:00:10.952,1.24013,1.24052,3.04,1.50
2012.07.18 23:00:14.697,1.24017,1.24052,1.54,1.50
2012.07.18 23:00:15.477,1.24013,1.24051,2.29,1.50
2012.07.18 23:00:20.057,1.24014,1.24048,2.29,1.50
2012.07.18 23:00:22.492,1.24014,1.24048,1.54,1.50
2012.07.18 23:00:22.924,1.24014,1.24051,2.29,1.50
2012.07.18 23:00:23.045,1.24013,1.24051,3.04,1.50
2012.07.18 23:00:23.238,1.24013,1.24051,3.04,1.50
2012.07.18 23:00:27.978,1.24014,1.24049,1.54,1.50
2012.07.18 23:00:28.099,1.24014,1.24049,1.54,1.50
2012.07.18 23:00:30.825,1.24014,1.24049,1.54,1.50
2012.07.18 23:00:32.581,1.24013,1.24049,2.29,1.50
2012.07.18 23:00:32.924,1.24013,1.24049,2.29,1.50
2012.07.18 23:00:33.475,1.24013,1.24049,2.29,1.50
2012.07.18 23:00:33.538,1.24013,1.24049,2.29,1.50
2012.07.18 23:00:33.899,1.24013,1.24049,2.29,1.50
2012.07.18 23:00:37.204,1.24014,1.24049,2.29,1.50
2012.07.18 23:00:37.762,1.24014,1.24049,2.29,1.50
2012.07.18 23:00:43.845,1.24013,1.24049,2.29,1.50
2012.07.18 23:00:44.143,1.24013,1.24043,1.54,1.50
2012.07.18 23:00:44.324,1.24007,1.24043,2.59,1.50
2012.07.18 23:00:44.387,1.24007,1.24043,2.59,1.50
2012.07.18 23:00:44.754,1.2401,1.24049,1.17,1.50
2012.07.18 23:00:44.818,1.2401,1.24049,1.17,1.50
2012.07.18 23:00:45.053,1.24009,1.24046,5.24,1.50
2012.07.18 23:00:45.291,1.2401,1.24047,1.54,1.47
2012.07.18 23:00:45.417,1.24012,1.24045,1.54,1.50
2012.07.18 23:00:45.651,1.24011,1.24045,1.54,1.50
2012.07.18 23:00:45.949,1.2401,1.24045,1.54,1.50
2012.07.18 23:00:46.117,1.2401,1.24046,1.54,1.47
2012.07.18 23:00:48.255,1.24014,1.24048,1.54,1.50
2012.07.18 23:00:48.317,1.24014,1.24048,1.54,1.50
2012.07.18 23:00:53.088,1.24014,1.24048,2.29,1.50
2012.07.18 23:00:53.255,1.24014,1.24048,2.29,1.50
2012.07.18 23:00:56.295,1.24014,1.24048,2.29,1.50
2012.07.18 23:00:56.627,1.24014,1.24051,2.29,1.50
2012.07.18 23:00:57.440,1.24014,1.24051,2.29,1.50
2012.07.18 23:01:03.219,1.24014,1.24048,2.29,1.50
2012.07.18 23:01:09.126,1.24012,1.24045,1.54,1.50
2012.07.18 23:01:09.364,1.24009,1.24047,1.17,1.50
2012.07.18 23:01:09.605,1.2401,1.24044,1.54,1.50
2012.07.18 23:01:10.108,1.24014,1.24044,1.50,1.50
2012.07.18 23:01:10.231,1.24013,1.24046,1.50,1.47
2012.07.18 23:01:10.583,1.24008,1.24044,1.54,1.50
2012.07.18 23:01:11.208,1.24006,1.24044,1.54,1.50
2012.07.18 23:01:14.181,1.24008,1.24044,1.54,1.50
2012.07.18 23:01:14.706,1.24005,1.24043,3.04,1.50
2012.07.18 23:01:15.654,1.24008,1.24043,1.54,1.50
2012.07.18 23:01:16.218,1.24005,1.24043,3.04,1.50
2012.07.18 23:01:16.835,1.24008,1.24043,2.25,2.22
2012.07.18 23:01:16.958,1.24008,1.24041,1.50,1.50
2012.07.18 23:01:17.081,1.24008,1.24036,1.50,1.50
2012.07.18 23:01:17.616,1.23999,1.24034,1.54,1.50
2012.07.18 23:01:17.738,1.23997,1.24034,3.04,1.50
2012.07.18 23:01:18.403,1.24,1.24038,1.54,2.22
2012.07.18 23:01:19.124,1.23999,1.24038,1.54,1.50
2012.07.18 23:01:20.007,1.24001,1.2404,1.54,2.22
2012.07.18 23:01:20.248,1.24001,1.2404,2.29,2.22
2012.07.18 23:01:26.747,1.24005,1.24042,1.92,1.50
2012.07.18 23:01:26.869,1.24005,1.24042,2.67,1.50
2012.07.18 23:01:38.144,1.24005,1.24043,5.22,1.47
2012.07.18 23:01:38.551,1.2401,1.2405,2.29,1.50
2012.07.18 23:01:39.135,1.2401,1.24051,2.29,1.47
2012.07.18 23:01:39.315,1.24017,1.24056,1.92,2.22
2012.07.18 23:01:39.553,1.24018,1.24056,1.54,2.22
2012.07.18 23:01:39.646,1.24018,1.24056,1.54,2.22
2012.07.18 23:01:45.406,1.24014,1.24056,5.24,2.65
2012.07.18 23:01:45.645,1.24018,1.24052,1.50,2.22
2012.07.18 23:01:45.710,1.24018,1.24046,1.50,1.50
2012.07.18 23:01:45.774,1.24014,1.2405,2.29,1.50
2012.07.18 23:01:46.276,1.24014,1.24046,2.25,1.50
2012.07.18 23:01:46.742,1.2401,1.24044,2.29,1.50
2012.07.18 23:01:48.114,1.24004,1.24039,1.54,1.50
2012.07.18 23:01:48.410,1.24,1.24039,1.54,1.50
2012.07.18 23:01:48.530,1.24,1.24038,1.54,1.50
2012.07.18 23:01:48.594,1.23999,1.24038,1.54,1.50
2012.07.18 23:01:49.117,1.23998,1.24036,1.54,1.50
2012.07.18 23:01:49.355,1.23998,1.24034,1.54,1.50
2012.07.18 23:01:52.099,1.24003,1.24041,1.17,1.50
2012.07.18 23:01:52.686,1.24006,1.24041,1.50,1.50
2012.07.18 23:01:53.154,1.24005,1.24036,1.54,1.50
2012.07.18 23:01:53.510,1.24001,1.24038,1.50,1.47
2012.07.18 23:01:53.943,1.24002,1.24039,1.54,1.50
2012.07.18 23:01:55.645,1.24002,1.24042,2.29,1.47
2012.07.18 23:01:56.140,1.24009,1.24046,1.92,1.50
2012.07.18 23:02:03.487,1.2401,1.24046,1.54,1.50
2012.07.18 23:02:03.916,1.2401,1.24046,1.54,1.50
2012.07.18 23:02:04.096,1.24006,1.24041,2.29,1.50
2012.07.18 23:02:04.162,1.24003,1.24041,2.29,1.50
2012.07.18 23:02:05.805,1.24003,1.24041,1.54,2.22
2012.07.18 23:02:06.351,1.24006,1.24041,2.25,1.50
2012.07.18 23:02:06.416,1.24006,1.24044,2.29,1.50
2012.07.18 23:02:06.801,1.24006,1.24044,2.29,1.50
2012.07.18 23:02:08.539,1.24008,1.24044,1.54,1.50
2012.07.18 23:02:08.810,1.24006,1.24044,4.86,1.50
2012.07.18 23:02:25.646,1.24008,1.24044,1.54,1.50
2012.07.18 23:02:26.290,1.24006,1.24044,2.29,1.50
2012.07.18 23:02:37.989,1.24009,1.24045,1.54,1.47
2012.07.18 23:02:38.651,1.24007,1.24045,2.29,1.47
2012.07.18 23:02:42.597,1.24008,1.24045,1.54,1.47
2012.07.18 23:02:42.917,1.24007,1.24045,2.29,1.47
2012.07.18 23:02:46.585,1.24008,1.24045,1.54,1.47
2012.07.18 23:02:46.768,1.24009,1.24045,1.54,1.47
2012.07.18 23:02:57.667,1.24008,1.24045,1.54,1.47
2012.07.18 23:02:58.869,1.24008,1.24045,2.29,1.47
2012.07.18 23:03:00.687,1.24008,1.24048,1.54,2.22
2012.07.18 23:03:01.324,1.24007,1.2404,3.34,1.50
2012.07.18 23:03:01.510,1.24007,1.24039,2.55,1.47
2012.07.18 23:03:01.576,1.24003,1.24037,1.54,1.50
2012.07.18 23:03:01.916,1.23999,1.24037,1.54,1.50
2012.07.18 23:03:01.980,1.23999,1.24036,1.54,1.50
2012.07.18 23:03:02.099,1.23997,1.24035,4.09,1.47
2012.07.18 23:03:02.867,1.23997,1.24035,3.34,1.47
2012.07.18 23:03:03.251,1.24002,1.24037,1.54,2.22
2012.07.18 23:03:03.549,1.24002,1.24037,1.54,2.22
2012.07.18 23:03:05.873,1.24002,1.24037,1.54,2.22
2012.07.18 23:03:06.068,1.24002,1.24037,1.54,2.22
2012.07.18 23:03:06.388,1.24002,1.24037,1.54,2.22
2012.07.18 23:03:09.942,1.24002,1.24037,1.54,2.22
2012.07.18 23:03:15.117,1.24008,1.24037,1.50,2.22
2012.07.18 23:03:15.180,1.24005,1.24037,1.50,1.47
2012.07.18 23:03:15.301,1.24005,1.24037,1.54,1.50
2012.07.18 23:03:15.530,1.24005,1.24037,1.50,1.50
2012.07.18 23:03:16.164,1.24009,1.24036,1.50,2.22
2012.07.18 23:03:16.882,1.24001,1.24036,1.54,2.22
2012.07.18 23:03:25.098,1.24001,1.24036,1.54,2.22
2012.07.18 23:03:30.508,1.24001,1.24036,1.54,2.22
2012.07.18 23:03:37.398,1.24002,1.24036,1.50,2.22
2012.07.18 23:03:37.948,1.24002,1.24036,1.50,2.22
2012.07.18 23:03:40.051,1.24002,1.24036,1.50,2.22
2012.07.18 23:03:40.286,1.24002,1.24036,1.50,2.22
2012.07.18 23:03:41.799,1.24002,1.24034,1.50,1.47
2012.07.18 23:03:42.575,1.24002,1.24034,1.50,1.47
2012.07.18 23:03:43.033,1.23997,1.24034,2.24,1.47
2012.07.18 23:03:43.382,1.23997,1.24032,1.54,1.47
2012.07.18 23:04:02.482,1.23998,1.24035,1.54,1.47
2012.07.18 23:04:02.772,1.23998,1.24035,1.54,1.47
2012.07.18 23:04:04.937,1.23997,1.24034,2.67,2.22
2012.07.18 23:04:05.057,1.23997,1.24034,2.67,2.22
2012.07.18 23:04:06.896,1.23998,1.24034,1.54,1.47
2012.07.18 23:04:07.505,1.23998,1.24035,1.54,1.47
2012.07.18 23:04:12.968,1.23998,1.24037,2.67,2.22
2012.07.18 23:04:13.692,1.23998,1.24037,2.67,2.22
2012.07.18 23:04:14.200,1.23998,1.24037,3.36,2.22
2012.07.18 23:04:18.028,1.23998,1.24037,3.36,2.22
2012.07.18 23:04:18.678,1.23998,1.24037,4.11,2.22
2012.07.18 23:04:21.431,1.23998,1.24037,1.92,2.22
2012.07.18 23:04:23.242,1.23998,1.24037,1.92,2.22
2012.07.18 23:04:33.584,1.23998,1.24037,1.54,2.22
2012.07.18 23:04:34.197,1.23998,1.24034,1.54,1.50
2012.07.18 23:04:35.610,1.23998,1.24035,1.92,1.47
2012.07.18 23:04:39.663,1.23996,1.24029,1.13,2.22
2012.07.18 23:04:39.843,1.23997,1.24029,1.54,1.50
2012.07.18 23:04:40.208,1.23997,1.24035,1.54,1.50
2012.07.18 23:04:40.271,1.23997,1.24035,1.54,1.50
2012.07.18 23:04:59.051,1.23997,1.24034,1.54,1.47
2012.07.18 23:04:59.601,1.23997,1.24034,1.54,1.47
2012.07.18 23:05:08.383,1.23997,1.24033,1.54,1.50
2012.07.18 23:05:20.588,1.23997,1.24033,1.54,1.50
2012.07.18 23:05:20.744,1.23997,1.24033,1.54,1.50
2012.07.18 23:05:22.755,1.23998,1.24033,1.54,1.50
2012.07.18 23:05:23.064,1.23998,1.24033,1.54,1.50
2012.07.18 23:05:25.867,1.23997,1.24033,3.04,1.50
2012.07.18 23:05:37.640,1.23997,1.24033,2.29,1.50
2012.07.18 23:05:38.415,1.23997,1.24034,2.29,1.50
2012.07.18 23:05:38.851,1.23997,1.24034,2.29,1.50
2012.07.18 23:06:08.440,1.23997,1.24035,1.54,1.50
2012.07.18 23:06:09.028,1.23997,1.24035,1.54,1.50
2012.07.18 23:06:17.181,1.23998,1.24035,1.54,1.50
2012.07.18 23:06:17.491,1.23998,1.24035,1.54,1.50
2012.07.18 23:06:23.748,1.24003,1.24038,1.92,1.47
2012.07.18 23:06:23.870,1.24006,1.24035,1.50,1.50
2012.07.18 23:06:24.278,1.24,1.24038,1.54,1.50
2012.07.18 23:06:24.613,1.23998,1.24038,1.54,1.50
2012.07.18 23:06:24.847,1.23998,1.24036,1.54,1.47
2012.07.18 23:06:25.034,1.23997,1.24036,2.29,1.47
2012.07.18 23:06:27.500,1.23998,1.24036,1.54,1.47
2012.07.18 23:06:27.572,1.23998,1.24036,1.54,1.47
2012.07.18 23:06:37.390,1.23997,1.24029,4.09,1.50
2012.07.18 23:06:37.625,1.23995,1.24029,1.54,1.50
2012.07.18 23:06:37.747,1.23994,1.24026,2.25,1.47
2012.07.18 23:06:38.167,1.23988,1.24023,1.54,1.50
2012.07.18 23:06:38.356,1.23988,1.24023,1.54,1.50
2012.07.18 23:06:39.783,1.23988,1.24023,1.54,1.50
2012.07.18 23:06:43.736,1.23989,1.24023,1.54,1.50
2012.07.18 23:06:43.957,1.23989,1.24023,1.54,1.50
2012.07.18 23:06:44.273,1.23989,1.24023,1.54,1.50
2012.07.18 23:06:44.506,1.23989,1.24023,1.54,1.50
2012.07.18 23:06:44.707,1.23989,1.24023,1.54,1.50
2012.07.18 23:06:45.213,1.23989,1.24024,1.54,1.47
2012.07.18 23:06:45.517,1.23989,1.24024,1.54,1.47
2012.07.18 23:06:46.357,1.23989,1.24024,1.54,1.47
2012.07.18 23:06:46.709,1.23991,1.2403,1.54,1.47
2012.07.18 23:06:46.829,1.23992,1.2403,1.54,1.47
2012.07.18 23:06:48.294,1.23992,1.2403,1.54,1.47
2012.07.18 23:07:01.177,1.23995,1.2403,1.54,1.47
2012.07.18 23:07:01.627,1.23995,1.24034,3.34,1.47
2012.07.18 23:07:01.867,1.23997,1.2403,1.54,1.47
2012.07.18 23:07:02.203,1.23995,1.2403,1.54,1.47
2012.07.18 23:07:03.488,1.23991,1.2403,3.04,1.47
2012.07.18 23:07:03.823,1.23993,1.2403,1.54,1.47
2012.07.18 23:07:04.377,1.23996,1.2403,1.54,1.47
2012.07.18 23:07:04.927,1.23994,1.2403,1.54,1.47
2012.07.18 23:07:05.146,1.23996,1.2403,1.54,1.47
2012.07.18 23:07:05.744,1.23998,1.2403,1.50,1.47
2012.07.18 23:07:11.764,1.23999,1.24036,1.54,1.47
2012.07.18 23:07:12.291,1.24,1.24037,1.54,1.47
2012.07.18 23:07:12.657,1.24,1.24037,1.54,1.47
2012.07.18 23:07:14.289,1.23999,1.24035,1.54,1.47
2012.07.18 23:07:14.623,1.24,1.24035,1.54,1.47
2012.07.18 23:07:18.328,1.24001,1.24036,1.54,1.47
2012.07.18 23:07:18.505,1.24002,1.24036,1.54,1.47
2012.07.18 23:07:19.914,1.24001,1.24036,1.54,1.47
2012.07.18 23:07:20.222,1.24002,1.24039,2.29,1.47
2012.07.18 23:07:22.187,1.24002,1.24039,1.54,1.47
2012.07.18 23:07:22.737,1.24001,1.24037,1.54,1.47
2012.07.18 23:07:23.169,1.24001,1.24039,1.54,1.47
2012.07.18 23:07:28.566,1.24001,1.24038,1.54,1.47
2012.07.18 23:07:28.688,1.24,1.24036,1.54,1.47
2012.07.18 23:07:29.211,1.24,1.24034,1.54,1.47
2012.07.18 23:07:29.275,1.23998,1.24034,1.54,1.47
2012.07.18 23:07:30.655,1.23996,1.24034,1.54,1.47
2012.07.18 23:07:38.933,1.23998,1.24033,1.50,1.47
2012.07.18 23:07:59.186,1.23998,1.24033,1.50,1.47
2012.07.18 23:08:08.517,1.23998,1.24033,1.50,1.47
2012.07.18 23:08:11.231,1.23999,1.24033,1.50,1.47
2012.07.18 23:08:11.812,1.23997,1.24033,1.54,1.47
2012.07.18 23:08:12.482,1.23999,1.24033,1.50,1.47
2012.07.18 23:08:17.941,1.23995,1.24033,1.54,1.47
2012.07.18 23:08:34.063,1.23995,1.2403,1.54,1.47
2012.07.18 23:08:34.999,1.23995,1.24031,1.54,1.47
2012.07.18 23:08:40.559,1.23995,1.24029,1.54,1.47
2012.07.18 23:08:40.623,1.23995,1.24029,1.54,1.47
2012.07.18 23:08:40.742,1.23995,1.24029,1.54,1.47
2012.07.18 23:08:41.375,1.23995,1.2403,1.54,1.47
2012.07.18 23:08:44.167,1.23995,1.2403,1.54,1.47
2012.07.18 23:08:50.526,1.23995,1.24029,1.54,1.47
2012.07.18 23:08:51.958,1.23995,1.24028,1.54,1.47
2012.07.18 23:08:52.465,1.23991,1.24028,1.54,1.47
2012.07.18 23:08:52.701,1.23991,1.2403,1.54,1.47
2012.07.18 23:08:52.958,1.23991,1.2403,1.54,1.47
2012.07.18 23:08:53.465,1.23991,1.2403,1.54,1.47
2012.07.18 23:08:53.704,1.23991,1.2403,1.54,1.47
2012.07.18 23:08:54.561,1.23991,1.2403,1.54,1.47
2012.07.18 23:08:55.232,1.23991,1.2403,1.54,1.47
2012.07.18 23:08:56.394,1.23991,1.2403,1.54,1.47
2012.07.18 23:08:57.394,1.23991,1.2403,1.54,1.47
2012.07.18 23:08:57.744,1.23991,1.2403,1.54,1.47
2012.07.18 23:08:58.155,1.23991,1.24032,1.54,1.47
2012.07.18 23:08:58.595,1.23991,1.24032,1.54,1.47
2012.07.18 23:08:58.967,1.23991,1.24032,1.54,1.47
2012.07.18 23:09:04.104,1.23991,1.24032,1.54,1.47
2012.07.18 23:09:05.028,1.23992,1.24032,1.54,1.47
2012.07.18 23:09:07.887,1.23989,1.24029,2.29,1.47
2012.07.18 23:09:08.095,1.23991,1.24029,1.54,1.47
2012.07.18 23:09:08.419,1.2399,1.24029,1.54,1.47
2012.07.18 23:09:08.750,1.23991,1.24029,1.54,1.47
2012.07.18 23:09:08.946,1.23989,1.24029,2.29,1.47
2012.07.18 23:09:09.486,1.23992,1.24029,1.54,1.47
2012.07.18 23:09:10.173,1.23989,1.24029,2.29,1.47
2012.07.18 23:09:11.695,1.23991,1.24029,1.54,1.47
2012.07.18 23:09:12.016,1.2399,1.24029,1.54,1.47
2012.07.18 23:09:12.695,1.23992,1.24028,1.54,1.47
2012.07.18 23:09:13.775,1.2399,1.24028,1.54,1.47
2012.07.18 23:09:14.122,1.23992,1.24028,1.54,1.47
2012.07.18 23:09:16.670,1.23991,1.24031,1.54,1.47
2012.07.18 23:09:17.971,1.23993,1.24031,1.54,1.47
2012.07.18 23:09:18.582,1.23991,1.24031,2.29,1.47
2012.07.18 23:09:18.645,1.23993,1.24031,1.54,1.47
2012.07.18 23:09:21.664,1.23993,1.24031,2.29,1.47
2012.07.18 23:09:24.908,1.23993,1.24029,1.50,1.47
2012.07.18 23:09:25.469,1.23996,1.24029,1.50,1.47
2012.07.18 23:09:25.590,1.23998,1.24035,1.50,1.47
2012.07.18 23:09:25.653,1.23998,1.24035,1.50,1.47
2012.07.18 23:09:26.072,1.23998,1.24035,1.50,1.47
2012.07.18 23:09:26.563,1.23998,1.24035,1.50,1.47
2012.07.18 23:09:26.839,1.23998,1.24035,1.50,1.47
2012.07.18 23:09:27.442,1.23992,1.24027,1.54,1.47
2012.07.18 23:09:31.338,1.23991,1.24034,1.54,1.47
2012.07.18 23:09:31.688,1.24,1.24036,2.59,1.47
2012.07.18 23:09:32.044,1.24,1.24036,2.59,1.47
2012.07.18 23:09:32.882,1.24,1.24036,2.59,1.47
2012.07.18 23:09:33.566,1.23997,1.24032,1.54,1.47
2012.07.18 23:09:33.804,1.23999,1.24039,2.59,1.47
2012.07.18 23:09:33.987,1.23999,1.24039,2.59,1.47
2012.07.18 23:09:34.732,1.24003,1.24044,1.92,1.47
2012.07.18 23:09:36.264,1.24006,1.24042,1.54,1.50
2012.07.18 23:09:36.445,1.24007,1.24044,2.59,1.50
2012.07.18 23:09:36.798,1.24008,1.24049,3.34,1.47
2012.07.18 23:09:38.253,1.2401,1.24049,1.54,1.47
2012.07.18 23:09:38.814,1.24014,1.24054,1.54,1.47
2012.07.18 23:09:38.996,1.24009,1.24052,1.54,1.47
2012.07.18 23:09:39.119,1.2401,1.2405,1.54,1.47
2012.07.18 23:09:39.526,1.2401,1.24046,1.54,1.47
2012.07.18 23:09:39.901,1.24008,1.2404,1.50,1.47
2012.07.18 23:09:40.026,1.24005,1.2404,2.24,1.47
2012.07.18 23:09:40.091,1.23999,1.2404,1.54,1.47
2012.07.18 23:09:40.592,1.23998,1.2404,2.29,1.47
2012.07.18 23:09:41.067,1.23998,1.24037,2.29,1.50
2012.07.18 23:09:42.938,1.23998,1.24037,1.54,1.50
2012.07.18 23:09:44.136,1.23998,1.24037,2.29,1.50
2012.07.18 23:09:45.280,1.24,1.24037,1.54,1.50
2012.07.18 23:09:45.402,1.24001,1.24039,2.59,1.47
2012.07.18 23:09:46.371,1.2401,1.24044,3.34,1.50
2012.07.18 23:09:46.435,1.2401,1.24044,3.34,1.50
2012.07.18 23:09:47.036,1.2401,1.24044,3.34,1.50
2012.07.18 23:09:47.329,1.2401,1.24044,3.34,1.50
2012.07.18 23:09:47.450,1.2401,1.24044,3.34,1.50
2012.07.18 23:09:47.766,1.2401,1.24044,3.34,1.50
2012.07.18 23:09:48.548,1.2401,1.24045,3.34,1.50
2012.07.18 23:09:49.648,1.2401,1.24045,3.34,1.50
2012.07.18 23:09:53.436,1.2401,1.24038,2.55,1.50
2012.07.18 23:09:53.556,1.24002,1.24037,1.54,1.47
2012.07.18 23:09:53.908,1.24001,1.24037,1.54,1.47
2012.07.18 23:09:56.203,1.24001,1.24039,1.54,2.22
2012.07.18 23:09:56.710,1.23999,1.24036,1.54,1.50
2012.07.18 23:09:57.179,1.23997,1.24035,1.54,1.47
2012.07.18 23:09:58.820,1.24002,1.24039,2.59,1.47
2012.07.18 23:09:59.371,1.24001,1.24039,3.34,1.47
2012.07.18 23:09:59.604,1.24002,1.24039,1.54,1.47
2012.07.18 23:10:00.602,1.24001,1.24039,3.34,1.47
2012.07.18 23:10:01.897,1.24002,1.24044,1.54,1.50
2012.07.18 23:10:02.425,1.24007,1.24044,2.59,1.50
2012.07.18 23:10:03.518,1.24007,1.24044,3.34,1.50
2012.07.18 23:10:06.267,1.24007,1.24044,3.34,1.50
2012.07.18 23:10:07.593,1.24007,1.24044,3.34,1.50
2012.07.18 23:10:11.142,1.24004,1.24041,1.54,1.50
2012.07.18 23:10:12.028,1.24007,1.24044,1.54,1.50
2012.07.18 23:10:12.897,1.24012,1.24045,1.54,1.50
2012.07.18 23:10:13.725,1.24012,1.24045,1.54,1.50
2012.07.18 23:10:15.989,1.24009,1.24045,2.59,1.50
2012.07.18 23:10:18.185,1.24009,1.24045,2.59,1.50
2012.07.18 23:10:18.306,1.24007,1.24043,2.59,1.50
2012.07.18 23:10:18.541,1.24012,1.24046,1.50,1.50
2012.07.18 23:10:21.157,1.24009,1.24041,2.55,2.22
2012.07.18 23:10:21.282,1.24007,1.24039,1.50,1.47
2012.07.18 23:10:21.635,1.24008,1.24043,2.59,1.50
2012.07.18 23:10:21.975,1.24007,1.24046,3.34,1.50
2012.07.18 23:10:22.422,1.24007,1.24048,3.34,1.50
2012.07.18 23:10:22.937,1.24007,1.24048,3.34,1.50
2012.07.18 23:10:25.355,1.24007,1.24041,2.55,1.47
2012.07.18 23:10:25.422,1.24003,1.24039,1.54,1.50
2012.07.18 23:10:25.487,1.24003,1.24039,1.54,1.50
2012.07.18 23:10:26.150,1.24003,1.24039,1.54,1.50
2012.07.18 23:10:26.683,1.24003,1.24039,1.54,1.50
2012.07.18 23:10:28.195,1.24005,1.24042,2.59,1.50
2012.07.18 23:10:30.508,1.24005,1.24042,2.59,1.50
2012.07.18 23:10:35.789,1.24005,1.24042,2.59,1.50
2012.07.18 23:10:39.897,1.24013,1.24039,2.25,2.25
2012.07.18 23:10:40.405,1.24013,1.24039,2.25,3.00
2012.07.18 23:10:40.528,1.24013,1.24039,2.25,3.00
2012.07.18 23:10:40.917,1.24013,1.24039,2.25,3.00
2012.07.18 23:10:41.249,1.24013,1.24039,2.25,3.00
2012.07.18 23:10:41.801,1.24013,1.24039,2.25,3.00
2012.07.18 23:10:43.145,1.24013,1.24039,2.25,2.97
2012.07.18 23:10:43.575,1.24007,1.24035,2.29,2.25
2012.07.18 23:10:43.644,1.24007,1.24035,2.29,1.50
2012.07.18 23:10:44.222,1.24007,1.24035,2.29,2.25
2012.07.18 23:10:44.451,1.24007,1.24035,2.29,1.50
2012.07.18 23:10:45.097,1.24007,1.24035,2.29,2.25
2012.07.18 23:10:45.649,1.24007,1.24035,2.29,2.25
2012.07.18 23:10:50.984,1.24012,1.24038,2.25,1.50
2012.07.18 23:10:51.050,1.24006,1.24034,2.25,3.00
2012.07.18 23:10:51.174,1.24006,1.24034,2.25,2.25
2012.07.18 23:10:51.766,1.24011,1.24037,2.25,2.25
2012.07.18 23:10:52.583,1.24011,1.24037,2.25,2.25
2012.07.18 23:10:52.802,1.24011,1.24037,2.25,2.25
2012.07.18 23:10:53.248,1.24011,1.24037,2.25,2.25
2012.07.18 23:10:53.787,1.24011,1.24037,2.25,2.25
2012.07.18 23:10:54.328,1.24011,1.24037,2.25,2.25
2012.07.18 23:10:56.358,1.24011,1.24037,2.25,2.25
2012.07.18 23:10:56.431,1.24011,1.24037,2.25,2.25
2012.07.18 23:10:57.246,1.24011,1.24037,2.25,2.25
2012.07.18 23:10:57.311,1.24011,1.24037,2.25,2.25
2012.07.18 23:11:02.290,1.24011,1.24037,2.25,2.25
2012.07.18 23:11:19.647,1.24016,1.24041,2.25,2.25
2012.07.18 23:11:20.855,1.24016,1.24041,2.25,2.25
2012.07.18 23:11:21.380,1.24016,1.24041,2.25,2.25
2012.07.18 23:11:22.705,1.24011,1.24038,2.25,2.25
2012.07.18 23:11:27.776,1.24011,1.24038,2.25,2.25
2012.07.18 23:11:30.435,1.24011,1.24038,2.25,2.25
2012.07.18 23:11:30.775,1.24011,1.24038,2.25,2.25
2012.07.18 23:11:33.317,1.24011,1.24038,2.25,2.25
2012.07.18 23:11:33.381,1.24011,1.24038,2.25,2.25
2012.07.18 23:11:33.587,1.24011,1.24038,2.25,2.25
2012.07.18 23:11:34.355,1.24011,1.24038,2.25,2.25
2012.07.18 23:11:35.807,1.24011,1.24038,2.25,2.25
2012.07.18 23:11:35.988,1.24007,1.24032,2.25,2.25
2012.07.18 23:11:36.718,1.24007,1.24032,2.25,2.25
2012.07.18 23:11:38.018,1.24007,1.24032,2.25,1.50
2012.07.18 23:11:39.191,1.2401,1.24036,2.25,2.25
2012.07.18 23:11:39.974,1.2401,1.24036,2.25,2.25
2012.07.18 23:11:53.351,1.2401,1.24034,2.25,1.50
2012.07.18 23:11:53.592,1.24005,1.24031,2.25,1.50
2012.07.18 23:11:53.830,1.2401,1.24034,2.25,1.50
2012.07.18 23:11:54.019,1.2401,1.24036,2.25,2.25
2012.07.18 23:11:54.329,1.2401,1.24036,2.25,2.25
2012.07.18 23:11:54.510,1.2401,1.24036,2.25,2.25
2012.07.18 23:11:54.749,1.2401,1.24036,2.25,2.25
2012.07.18 23:11:56.062,1.2401,1.24036,2.25,2.25
2012.07.18 23:11:56.231,1.2401,1.24036,2.25,2.25
2012.07.18 23:12:00.961,1.2401,1.24036,2.25,2.25
2012.07.18 23:12:01.175,1.2401,1.24036,2.25,2.25
2012.07.18 23:12:02.160,1.2401,1.24036,2.25,2.25
2012.07.18 23:12:02.356,1.2401,1.24035,2.25,1.50
2012.07.18 23:12:02.419,1.2401,1.24034,2.25,1.50
2012.07.18 23:12:16.793,1.24006,1.24034,2.29,2.25
2012.07.18 23:12:19.699,1.24011,1.24035,2.25,2.25
2012.07.18 23:12:25.385,1.2401,1.24036,2.25,2.25
2012.07.18 23:12:25.923,1.2401,1.24036,2.25,2.25
2012.07.18 23:12:26.537,1.2401,1.24036,2.25,2.25
2012.07.18 23:12:26.603,1.2401,1.24036,2.25,2.25
2012.07.18 23:12:28.672,1.2401,1.24036,2.25,2.25
2012.07.18 23:12:29.344,1.24004,1.24029,2.25,1.50
2012.07.18 23:12:29.467,1.24004,1.24029,2.25,1.50
2012.07.18 23:12:44.056,1.24,1.24026,2.25,2.25
2012.07.18 23:12:44.238,1.24,1.24026,2.25,2.25
2012.07.18 23:12:44.361,1.24,1.24026,2.25,2.25
2012.07.18 23:12:44.426,1.24,1.24026,2.29,2.25
2012.07.18 23:12:44.893,1.24003,1.24028,2.29,1.50
2012.07.18 23:12:45.427,1.2401,1.24031,1.54,1.50
2012.07.18 23:12:45.744,1.24015,1.24042,2.25,1.50
2012.07.18 23:12:45.985,1.24015,1.24042,2.25,1.50
2012.07.18 23:12:47.880,1.24015,1.24043,2.29,2.25
2012.07.18 23:12:48.153,1.24019,1.24046,2.25,1.50
2012.07.18 23:12:48.696,1.24019,1.24047,2.25,3.00
2012.07.18 23:12:50.321,1.24019,1.24047,2.29,2.25
2012.07.18 23:12:52.442,1.24024,1.24052,2.25,2.25
2012.07.18 23:12:52.566,1.24024,1.24051,2.25,1.50
2012.07.18 23:12:52.936,1.24024,1.24048,2.25,2.25
2012.07.18 23:12:55.879,1.2402,1.24048,2.25,2.25
2012.07.18 23:12:56.723,1.2402,1.24048,2.25,2.25
2012.07.18 23:12:57.261,1.2402,1.24048,2.25,2.25
2012.07.18 23:12:58.171,1.2402,1.24048,2.25,2.25
2012.07.18 23:12:58.414,1.24028,1.24053,2.25,4.11
2012.07.18 23:12:58.538,1.24028,1.24053,2.25,2.61
2012.07.18 23:13:01.807,1.24024,1.24051,2.25,3.00
2012.07.18 23:13:02.050,1.24024,1.24049,2.25,2.25
2012.07.18 23:13:02.290,1.24021,1.24047,2.25,2.25
2012.07.18 23:13:03.272,1.24021,1.24047,2.25,2.25
2012.07.18 23:13:03.454,1.24021,1.24047,2.25,2.25
2012.07.18 23:13:04.464,1.24021,1.24044,1.50,1.50
2012.07.18 23:13:04.974,1.24019,1.24042,2.25,2.25
2012.07.18 23:13:05.040,1.24016,1.24038,1.50,1.50
2012.07.18 23:13:05.104,1.24016,1.24038,1.50,1.50
2012.07.18 23:13:05.227,1.24011,1.24037,2.25,2.25
2012.07.18 23:13:05.761,1.24011,1.24037,2.25,2.25
2012.07.18 23:13:09.610,1.24014,1.24042,2.25,3.00
2012.07.18 23:13:11.592,1.2402,1.24042,1.50,1.50
2012.07.18 23:13:11.948,1.24025,1.24049,1.50,1.50
2012.07.18 23:13:12.283,1.24019,1.24047,2.25,2.25
2012.07.18 23:13:16.040,1.24022,1.24047,2.25,2.25
2012.07.18 23:13:16.162,1.24024,1.2405,2.25,2.25
2012.07.18 23:13:19.127,1.24024,1.24045,1.50,1.50
2012.07.18 23:13:19.609,1.24022,1.24043,2.25,2.25
2012.07.18 23:13:19.674,1.24022,1.24043,2.25,2.25
2012.07.18 23:13:20.411,1.24018,1.24043,2.25,2.25
2012.07.18 23:13:21.014,1.24019,1.24047,2.25,3.00
2012.07.18 23:13:25.565,1.24019,1.24047,2.25,3.00
2012.07.18 23:13:25.921,1.24019,1.24047,2.25,3.00
2012.07.18 23:13:29.027,1.24019,1.24047,2.25,3.00
2012.07.18 23:13:29.640,1.24019,1.24047,2.25,3.00
2012.07.18 23:13:30.802,1.24019,1.24047,2.25,3.00
2012.07.18 23:13:31.790,1.24019,1.24047,2.25,3.00
2012.07.18 23:13:32.209,1.24019,1.24047,2.25,3.00
2012.07.18 23:13:32.403,1.24019,1.24047,2.25,3.00
2012.07.18 23:13:32.879,1.24024,1.24047,1.50,1.50
2012.07.18 23:13:33.219,1.24024,1.24047,1.50,1.50
2012.07.18 23:13:33.560,1.24022,1.24045,1.50,2.25
2012.07.18 23:13:33.924,1.24019,1.24045,2.25,2.25
2012.07.18 23:13:39.973,1.24019,1.24045,2.25,2.25
2012.07.18 23:13:45.953,1.24019,1.24045,2.25,2.25
2012.07.18 23:13:47.615,1.24019,1.24045,2.25,2.25
2012.07.18 23:13:51.044,1.24019,1.24045,2.25,2.25
2012.07.18 23:13:51.164,1.24019,1.24045,2.25,2.25
2012.07.18 23:13:53.344,1.24019,1.24045,2.25,2.25
2012.07.18 23:13:53.574,1.24019,1.24045,2.25,2.25
2012.07.18 23:13:56.003,1.24019,1.24045,2.25,2.25
2012.07.18 23:13:59.516,1.24019,1.24045,2.25,2.25
2012.07.18 23:14:00.544,1.24019,1.24045,2.25,2.25
2012.07.18 23:14:01.035,1.24019,1.24045,2.25,2.25
2012.07.18 23:14:01.822,1.24019,1.24045,2.25,2.25
2012.07.18 23:14:03.173,1.24019,1.24045,2.25,2.25
2012.07.18 23:14:09.633,1.24019,1.24045,2.25,2.25
2012.07.18 23:14:17.314,1.24019,1.24045,2.25,2.25
2012.07.18 23:14:17.837,1.24019,1.24045,2.25,2.25
2012.07.18 23:14:22.161,1.24019,1.24045,2.25,2.25
2012.07.18 23:14:22.724,1.24019,1.24045,2.25,2.25
2012.07.18 23:14:25.483,1.24019,1.24045,2.25,2.25
2012.07.18 23:14:30.066,1.24019,1.24045,2.25,2.25
2012.07.18 23:14:31.373,1.24019,1.24045,2.25,2.25
2012.07.18 23:14:38.342,1.24009,1.24047,3.34,1.50
2012.07.18 23:14:39.067,1.24009,1.24046,3.34,1.50
2012.07.18 23:14:40.981,1.24011,1.24046,3.34,1.50
2012.07.18 23:14:41.513,1.24018,1.24046,3.04,2.25
2012.07.18 23:14:45.574,1.24018,1.24045,2.25,1.50
2012.07.18 23:14:45.644,1.24016,1.24041,2.25,2.25
2012.07.18 23:14:46.047,1.24019,1.24046,2.25,2.25
2012.07.18 23:14:52.385,1.24015,1.24041,2.25,2.25
2012.07.18 23:14:56.355,1.24015,1.24041,2.25,2.25
2012.07.18 23:14:58.254,1.24015,1.24041,2.25,2.25
2012.07.18 23:15:00.142,1.24015,1.24041,2.25,2.25
2012.07.18 23:15:00.381,1.24015,1.24041,2.25,2.25
2012.07.18 23:15:05.263,1.24018,1.24046,2.25,2.25
2012.07.18 23:15:05.335,1.24018,1.24046,2.25,2.25
2012.07.18 23:15:05.629,1.24014,1.24041,2.29,3.00
2012.07.18 23:15:05.693,1.24014,1.24041,2.29,3.00
2012.07.18 23:15:06.480,1.24014,1.24041,2.25,3.00
2012.07.18 23:15:14.460,1.24014,1.2404,2.25,1.50
2012.07.18 23:15:16.247,1.24014,1.2404,2.25,1.50
2012.07.18 23:15:16.802,1.24014,1.2404,2.25,1.50
2012.07.18 23:15:27.344,1.24012,1.24038,2.25,2.25
2012.07.18 23:15:35.684,1.24012,1.24038,2.25,2.25
2012.07.18 23:15:38.453,1.24012,1.24038,2.25,2.25
2012.07.18 23:15:38.803,1.24012,1.24038,2.25,2.25
2012.07.18 23:15:39.336,1.24012,1.24038,2.25,2.25
2012.07.18 23:15:39.710,1.24012,1.24038,2.25,2.25
2012.07.18 23:15:59.693,1.24012,1.24038,2.29,2.25
2012.07.18 23:16:01.514,1.24012,1.24038,2.29,1.50
2012.07.18 23:16:03.324,1.24012,1.24038,2.25,2.25
2012.07.18 23:16:03.619,1.24012,1.24038,2.25,2.25
2012.07.18 23:16:03.868,1.24012,1.24038,2.25,2.25
2012.07.18 23:16:25.949,1.24009,1.24037,2.25,2.25
2012.07.18 23:16:33.333,1.24009,1.24037,2.25,2.25
2012.07.18 23:16:35.503,1.24009,1.24037,2.25,2.25
2012.07.18 23:16:35.856,1.24009,1.24037,2.25,2.25
2012.07.18 23:16:36.170,1.24009,1.24037,2.25,2.25
2012.07.18 23:16:39.511,1.24009,1.24037,2.25,2.25
2012.07.18 23:16:40.783,1.24009,1.24037,2.25,2.25
2012.07.18 23:16:41.321,1.24009,1.24037,2.25,2.25
2012.07.18 23:16:41.502,1.24009,1.24037,2.29,2.25
2012.07.18 23:16:52.566,1.24016,1.24042,2.25,2.25
2012.07.18 23:16:53.114,1.24016,1.24042,2.25,2.25
2012.07.18 23:17:01.122,1.24011,1.24037,2.29,2.25
2012.07.18 23:17:01.467,1.24011,1.24037,2.25,2.25
2012.07.18 23:17:01.684,1.24011,1.24037,2.25,2.25
2012.07.18 23:17:02.894,1.24011,1.24037,2.25,2.25
2012.07.18 23:17:14.028,1.24011,1.24037,2.25,2.25
2012.07.18 23:17:18.956,1.24007,1.24033,2.29,2.25
2012.07.18 23:17:19.159,1.24012,1.24036,2.25,2.25
2012.07.18 23:17:19.280,1.24012,1.24038,2.25,2.25
2012.07.18 23:17:19.661,1.24008,1.24034,2.29,2.25
2012.07.18 23:17:20.409,1.24008,1.24034,2.25,2.25
2012.07.18 23:17:21.369,1.24008,1.24034,2.25,2.25
2012.07.18 23:17:25.875,1.24008,1.24034,2.25,2.25
2012.07.18 23:17:29.618,1.24008,1.24034,2.25,2.25
2012.07.18 23:17:30.416,1.24005,1.2403,2.25,1.50
2012.07.18 23:17:32.484,1.24014,1.24033,1.50,2.25
2012.07.18 23:17:32.785,1.24014,1.24038,2.25,2.25
2012.07.18 23:17:32.852,1.24014,1.24035,1.50,1.50
2012.07.18 23:17:32.918,1.24009,1.24035,2.29,3.00
2012.07.18 23:17:33.250,1.24009,1.24035,2.25,3.00
2012.07.18 23:17:34.616,1.24009,1.24035,2.25,3.00
2012.07.18 23:17:35.340,1.24009,1.24035,2.25,3.00
2012.07.18 23:17:35.696,1.24009,1.24035,2.25,2.25
2012.07.18 23:17:37.925,1.24009,1.24032,1.50,1.50
2012.07.18 23:17:37.990,1.24009,1.24032,1.50,1.50
2012.07.18 23:17:38.516,1.24004,1.24032,2.25,3.00
2012.07.18 23:17:43.333,1.24004,1.24032,2.25,2.25
2012.07.18 23:17:43.897,1.24004,1.24032,2.25,2.25
2012.07.18 23:17:52.120,1.24004,1.24031,2.25,1.50
2012.07.18 23:17:58.796,1.24006,1.24031,1.50,3.00
2012.07.18 23:18:02.326,1.24006,1.24029,1.50,1.50
2012.07.18 23:18:02.391,1.24002,1.24027,2.25,2.25
2012.07.18 23:18:02.723,1.24002,1.24027,2.25,2.25
2012.07.18 23:18:03.053,1.24002,1.24027,2.25,2.25
2012.07.18 23:18:03.392,1.24002,1.24027,2.25,2.25
2012.07.18 23:18:17.264,1.24002,1.24027,3.04,2.25
2012.07.18 23:18:17.621,1.24002,1.24027,3.04,1.50
2012.07.18 23:18:17.952,1.2401,1.24038,2.25,2.25
2012.07.18 23:18:25.155,1.2401,1.24038,2.29,2.25
2012.07.18 23:18:25.220,1.2401,1.24038,2.29,3.00
2012.07.18 23:18:26.650,1.2401,1.24037,2.25,1.50
2012.07.18 23:18:26.834,1.24006,1.24034,2.25,3.00
2012.07.18 23:18:27.016,1.24006,1.24034,2.25,3.00
2012.07.18 23:18:27.548,1.24006,1.24034,2.25,3.00
2012.07.18 23:18:30.681,1.24006,1.24034,2.25,3.00
2012.07.18 23:18:33.107,1.24006,1.24034,2.25,3.00
2012.07.18 23:18:38.121,1.24006,1.24034,2.25,3.00
2012.07.18 23:18:38.377,1.24006,1.24034,2.25,3.00
2012.07.18 23:18:38.947,1.24006,1.24034,2.25,3.00
2012.07.18 23:18:47.630,1.24009,1.24034,1.50,1.50
2012.07.18 23:18:53.853,1.24009,1.24036,2.25,3.72
2012.07.18 23:18:59.277,1.24009,1.24033,1.50,1.50
2012.07.18 23:19:02.872,1.24009,1.24033,1.50,1.50
2012.07.18 23:19:03.448,1.24009,1.24033,1.50,1.50
2012.07.18 23:19:05.282,1.24009,1.24033,1.50,1.50
2012.07.18 23:19:05.535,1.24009,1.24033,1.50,1.50
2012.07.18 23:19:06.545,1.24009,1.24033,1.50,1.50
2012.07.18 23:19:07.775,1.24007,1.24031,2.25,2.25
2012.07.18 23:19:10.605,1.24005,1.24031,2.25,2.25
2012.07.18 23:19:10.936,1.24005,1.24031,2.25,2.25
2012.07.18 23:19:15.424,1.24005,1.24031,2.25,2.25
2012.07.18 23:19:15.547,1.24008,1.24036,2.25,3.00
2012.07.18 23:19:16.234,1.24008,1.24036,2.25,3.00
2012.07.18 23:19:17.061,1.24008,1.24036,2.25,3.00
2012.07.18 23:19:25.906,1.24008,1.24036,2.25,3.00
2012.07.18 23:19:26.028,1.24008,1.24036,2.25,3.00
2012.07.18 23:19:34.191,1.24008,1.24036,2.25,3.00
2012.07.18 23:19:41.233,1.24013,1.24036,1.50,1.50
2012.07.18 23:19:47.480,1.24013,1.24037,1.50,1.50
2012.07.18 23:19:54.610,1.24013,1.24037,1.50,1.50
2012.07.18 23:19:56.379,1.24013,1.24037,1.50,1.50
2012.07.18 23:19:57.022,1.24013,1.24037,1.50,1.50
2012.07.18 23:19:57.146,1.24013,1.24037,1.50,1.50
2012.07.18 23:20:00.437,1.24013,1.24037,1.50,1.50
2012.07.18 23:20:00.559,1.24013,1.24037,1.50,1.50
2012.07.18 23:20:01.441,1.24015,1.24037,1.50,1.50
2012.07.18 23:20:12.350,1.24015,1.24037,1.50,1.50
2012.07.18 23:20:12.904,1.24015,1.24037,1.50,1.50
2012.07.18 23:20:14.611,1.24015,1.24037,1.50,1.50
2012.07.18 23:20:15.963,1.24015,1.24037,1.50,1.50
2012.07.18 23:20:20.752,1.24014,1.24037,1.50,1.50
2012.07.18 23:20:36.831,1.24014,1.24037,1.50,1.50
2012.07.18 23:20:37.110,1.24014,1.24037,1.50,1.50
2012.07.18 23:20:37.822,1.24014,1.24037,1.50,1.50
2012.07.18 23:20:38.430,1.24014,1.24037,1.50,1.50
2012.07.18 23:20:56.665,1.24014,1.24038,1.50,1.50
2012.07.18 23:21:00.940,1.24014,1.24038,1.50,1.50
2012.07.18 23:21:02.299,1.24014,1.24038,1.50,1.50
2012.07.18 23:21:04.716,1.24014,1.24039,2.25,1.50
2012.07.18 23:21:08.091,1.24014,1.24039,2.25,1.50
2012.07.18 23:21:08.313,1.24014,1.24039,2.25,1.50
2012.07.18 23:21:08.641,1.24014,1.24039,2.25,1.50
2012.07.18 23:21:13.135,1.24014,1.24041,2.25,2.25
2012.07.18 23:21:13.828,1.24014,1.24041,2.29,2.25
2012.07.18 23:21:15.784,1.24019,1.24045,2.25,2.25
2012.07.18 23:21:16.338,1.24019,1.24045,2.25,2.25
2012.07.18 23:21:19.861,1.24019,1.24045,2.25,2.25
2012.07.18 23:21:20.198,1.24019,1.24045,2.25,2.25
2012.07.18 23:21:22.171,1.24019,1.24045,2.25,2.25
2012.07.18 23:21:23.161,1.24019,1.24045,2.25,2.25
2012.07.18 23:21:35.893,1.2402,1.24046,2.25,4.11
2012.07.18 23:21:36.014,1.2402,1.24046,2.25,4.11
2012.07.18 23:21:44.173,1.2402,1.24046,2.25,4.11
2012.07.18 23:21:46.723,1.2402,1.24046,2.25,2.25
2012.07.18 23:21:47.385,1.2402,1.24046,2.25,2.25
2012.07.18 23:22:02.084,1.24019,1.24046,2.29,2.61
2012.07.18 23:22:02.218,1.24019,1.24046,2.29,2.61
2012.07.18 23:22:03.400,1.24019,1.24046,2.29,2.61
2012.07.18 23:22:04.941,1.24019,1.24046,2.29,2.61
2012.07.18 23:22:07.034,1.24019,1.24046,2.29,2.61
2012.07.18 23:22:07.251,1.24019,1.24046,2.29,2.61
2012.07.18 23:22:09.941,1.24019,1.24046,2.29,2.61
2012.07.18 23:22:10.563,1.24019,1.24046,2.29,2.61
2012.07.18 23:22:11.105,1.24019,1.24046,2.29,2.61
2012.07.18 23:22:11.768,1.24019,1.24046,2.29,2.61
2012.07.18 23:22:12.416,1.24019,1.24046,2.29,2.61
2012.07.18 23:22:12.483,1.24019,1.24046,2.29,2.61
2012.07.18 23:22:13.416,1.24019,1.24046,2.29,2.61
2012.07.18 23:22:15.733,1.24019,1.24046,2.29,2.61
2012.07.18 23:22:16.086,1.24018,1.24042,2.25,2.25
2012.07.18 23:22:16.211,1.24016,1.24044,2.29,2.25
2012.07.18 23:22:16.739,1.24016,1.24044,2.29,2.25
2012.07.18 23:22:32.078,1.2402,1.24047,2.29,2.61
2012.07.18 23:22:36.588,1.24015,1.24043,2.29,2.25
2012.07.18 23:22:36.768,1.24015,1.24043,2.29,2.25
2012.07.18 23:22:37.482,1.24011,1.24035,1.50,1.47
2012.07.18 23:22:37.606,1.24005,1.24033,2.29,2.25
2012.07.18 23:22:37.670,1.24005,1.24033,2.29,2.25
2012.07.18 23:22:53.800,1.24005,1.24031,2.25,1.47
2012.07.18 23:23:11.601,1.24004,1.24027,1.50,1.50
2012.07.18 23:23:11.666,1.24001,1.24027,2.29,1.50
2012.07.18 23:23:11.791,1.24001,1.24027,2.25,2.22
2012.07.18 23:23:12.338,1.23996,1.24022,2.29,2.25
2012.07.18 23:23:13.568,1.23996,1.24022,2.29,1.50
2012.07.18 23:23:13.966,1.23996,1.24022,2.29,1.50
2012.07.18 23:23:14.149,1.24001,1.24027,2.25,2.97
2012.07.18 23:23:16.884,1.24001,1.24027,2.29,2.25
2012.07.18 23:23:17.428,1.24004,1.2403,2.25,1.47
2012.07.18 23:23:17.495,1.24004,1.2403,2.25,1.47
2012.07.18 23:23:19.598,1.24,1.24028,2.29,1.50
2012.07.18 23:23:24.723,1.24006,1.24032,2.25,2.97
2012.07.18 23:23:24.848,1.24006,1.24032,2.25,2.25
2012.07.18 23:23:25.029,1.24006,1.24031,2.25,1.47
2012.07.18 23:23:25.445,1.24006,1.24031,2.25,1.47
2012.07.18 23:23:25.853,1.24006,1.24032,2.29,2.25
2012.07.18 23:23:25.920,1.24006,1.24032,2.29,2.25
2012.07.18 23:23:28.078,1.24001,1.24029,4.09,1.50
2012.07.18 23:23:28.144,1.24001,1.24029,4.09,1.50
2012.07.18 23:23:28.327,1.24005,1.24032,2.29,1.47
2012.07.18 23:23:29.666,1.24005,1.24033,2.29,2.25
2012.07.18 23:23:29.923,1.24005,1.24033,2.29,2.25
2012.07.18 23:23:31.614,1.24005,1.24033,2.29,2.25
2012.07.18 23:23:32.359,1.24005,1.24033,2.29,2.25
2012.07.18 23:23:32.424,1.24005,1.24033,2.29,2.25
2012.07.18 23:23:32.784,1.24005,1.24033,2.29,2.25
2012.07.18 23:23:35.020,1.24005,1.24032,2.29,1.47
2012.07.18 23:23:36.218,1.24005,1.24032,2.29,1.47
2012.07.18 23:23:39.207,1.24005,1.24033,2.29,2.25
2012.07.18 23:23:41.620,1.24005,1.24033,2.29,2.25
2012.07.18 23:23:45.273,1.24005,1.24032,2.29,1.47
2012.07.18 23:23:45.367,1.24005,1.24032,2.29,1.47
2012.07.18 23:23:48.418,1.24005,1.24033,2.29,2.97
2012.07.18 23:23:49.565,1.24005,1.24033,2.29,2.97
2012.07.18 23:23:49.977,1.24005,1.24033,2.29,2.25
2012.07.18 23:23:51.092,1.24005,1.24033,2.29,2.25
2012.07.18 23:23:51.207,1.24005,1.24033,2.29,2.25
2012.07.18 23:23:51.498,1.24005,1.24033,2.29,2.25
2012.07.18 23:23:51.562,1.24005,1.24033,2.29,2.25
2012.07.18 23:23:52.063,1.24005,1.24033,2.29,2.25
2012.07.18 23:23:52.185,1.24005,1.24033,2.25,2.97
2012.07.18 23:23:52.716,1.24005,1.24032,2.29,1.47
2012.07.18 23:23:53.925,1.24005,1.2403,2.25,2.25
2012.07.18 23:23:54.051,1.24001,1.24029,2.29,2.25
2012.07.18 23:23:54.820,1.24001,1.24029,2.25,2.97
2012.07.18 23:23:57.517,1.24001,1.24029,2.25,2.97
2012.07.18 23:23:57.818,1.24005,1.2403,2.25,2.25
2012.07.18 23:23:57.942,1.24005,1.24029,2.25,1.47
2012.07.18 23:23:58.126,1.24005,1.24028,2.25,1.47
2012.07.18 23:23:58.192,1.24005,1.24028,2.25,1.47
2012.07.18 23:23:58.315,1.24,1.24026,2.25,1.47
2012.07.18 23:23:58.381,1.24,1.24025,2.25,1.47
2012.07.18 23:23:58.689,1.23997,1.24023,2.29,2.25
2012.07.18 23:23:58.872,1.23993,1.24019,2.29,2.25
2012.07.18 23:23:59.871,1.23997,1.24023,2.29,2.25
2012.07.18 23:23:59.936,1.23997,1.24023,2.29,2.25
2012.07.18 23:24:00.255,1.23997,1.24023,2.29,2.25
2012.07.18 23:24:00.319,1.23997,1.24023,2.29,2.25
2012.07.18 23:24:00.662,1.23992,1.24018,2.29,1.50
2012.07.18 23:24:00.787,1.23992,1.24018,2.29,2.25
2012.07.18 23:24:01.147,1.23992,1.24018,2.25,2.25
2012.07.18 23:24:01.213,1.23992,1.24018,2.25,2.97
2012.07.18 23:24:02.619,1.23988,1.24014,2.29,2.25
2012.07.18 23:24:02.968,1.23988,1.24014,2.25,2.25
2012.07.18 23:24:04.068,1.23992,1.24014,2.25,2.25
2012.07.18 23:24:04.253,1.23992,1.24013,2.29,2.25
2012.07.18 23:24:04.645,1.23992,1.24013,2.25,2.25
2012.07.18 23:24:05.164,1.23988,1.24014,2.29,2.25
2012.07.18 23:24:08.261,1.23988,1.24014,2.29,2.25
2012.07.18 23:24:08.620,1.23993,1.24018,2.25,2.25
2012.07.18 23:24:11.052,1.23988,1.24014,2.29,1.50
2012.07.18 23:24:11.547,1.23988,1.24014,2.29,2.25
2012.07.18 23:24:12.325,1.23988,1.24014,2.25,2.25
2012.07.18 23:24:12.626,1.23984,1.2401,2.29,1.50
2012.07.18 23:24:12.867,1.23984,1.2401,2.29,2.25
2012.07.18 23:24:12.991,1.23984,1.2401,2.29,2.25
2012.07.18 23:24:13.114,1.23984,1.2401,2.25,2.25
2012.07.18 23:24:14.994,1.23989,1.24011,1.50,2.22
2012.07.18 23:24:15.293,1.23989,1.24015,2.29,2.25
2012.07.18 23:24:15.768,1.23993,1.24017,1.50,2.25
2012.07.18 23:24:16.064,1.23993,1.24017,1.50,2.25
2012.07.18 23:24:16.572,1.23988,1.24015,2.29,2.25
2012.07.18 23:24:16.896,1.23992,1.2402,2.29,2.97
2012.07.18 23:24:17.866,1.23992,1.2402,2.29,2.97
2012.07.18 23:24:18.284,1.23997,1.24023,2.25,2.25
2012.07.18 23:24:18.937,1.23997,1.24023,2.25,2.25
2012.07.18 23:24:22.781,1.23997,1.24023,2.25,2.25
2012.07.18 23:24:23.344,1.23997,1.24023,2.25,1.50
2012.07.18 23:24:25.397,1.23997,1.24023,2.25,1.50
2012.07.18 23:24:25.803,1.23997,1.24023,2.29,1.50
2012.07.18 23:24:28.050,1.23997,1.24023,2.25,2.25
2012.07.18 23:24:28.174,1.23997,1.24023,2.25,2.97
2012.07.18 23:24:28.539,1.23995,1.24019,2.29,1.50
2012.07.18 23:24:28.880,1.23995,1.24019,2.29,1.50
2012.07.18 23:24:34.949,1.23994,1.24019,2.29,2.25
2012.07.18 23:24:38.349,1.23994,1.24019,2.29,2.25
2012.07.18 23:24:53.815,1.24,1.24024,2.25,1.47
2012.07.18 23:24:54.373,1.24,1.24024,2.25,1.47
2012.07.18 23:24:59.383,1.24,1.24026,2.25,1.47
2012.07.18 23:24:59.622,1.24,1.24027,2.29,2.25
2012.07.18 23:24:59.979,1.24005,1.24029,2.25,2.25
2012.07.18 23:25:00.417,1.24005,1.24031,2.25,2.25
2012.07.18 23:25:01.037,1.24005,1.24031,2.25,2.25
2012.07.18 23:25:02.361,1.24005,1.2403,1.50,2.22
2012.07.18 23:25:03.117,1.24005,1.24027,1.50,2.25
2012.07.18 23:25:03.187,1.23997,1.24025,2.29,2.25
2012.07.18 23:25:03.369,1.23997,1.24025,2.29,2.25
2012.07.18 23:25:03.552,1.24003,1.24028,1.50,3.72
2012.07.18 23:25:04.089,1.24003,1.24026,2.25,2.25
2012.07.18 23:25:05.371,1.23998,1.24024,2.25,2.25
2012.07.18 23:25:05.435,1.23998,1.24023,1.50,1.50
2012.07.18 23:25:05.739,1.23998,1.2402,1.50,1.50
2012.07.18 23:25:05.862,1.23993,1.2402,2.25,1.50
2012.07.18 23:25:06.226,1.23993,1.2402,2.25,1.50
2012.07.18 23:25:11.737,1.23993,1.24018,1.50,1.50
2012.07.18 23:25:11.860,1.23991,1.24016,2.25,2.25
2012.07.18 23:25:11.925,1.23991,1.24016,2.25,2.25
2012.07.18 23:25:12.560,1.23991,1.24016,2.25,2.25
2012.07.18 23:25:18.569,1.23991,1.24016,1.50,2.25
2012.07.18 23:25:18.850,1.23991,1.24016,1.50,2.25
2012.07.18 23:25:19.421,1.23986,1.24011,2.29,2.25
2012.07.18 23:25:21.630,1.23986,1.24011,2.29,2.25
2012.07.18 23:25:21.988,1.23988,1.24016,2.25,2.25
2012.07.18 23:25:29.635,1.23988,1.24016,2.29,2.25
2012.07.18 23:25:29.842,1.23988,1.24016,2.29,2.25
2012.07.18 23:25:39.301,1.23988,1.24016,2.29,2.25
2012.07.18 23:25:39.685,1.23988,1.24016,2.29,2.25
2012.07.18 23:25:40.094,1.23988,1.24016,2.29,2.25
2012.07.18 23:25:41.173,1.23992,1.24019,2.25,2.97
2012.07.18 23:25:41.543,1.23992,1.24019,2.29,1.50
2012.07.18 23:25:41.848,1.23992,1.24019,2.29,2.25
2012.07.18 23:25:41.973,1.23996,1.2402,2.25,1.50
2012.07.18 23:25:42.138,1.23996,1.24022,2.25,2.25
2012.07.18 23:25:43.749,1.23996,1.24022,1.50,2.25
2012.07.18 23:25:43.815,1.23992,1.24021,2.25,2.22
2012.07.18 23:25:43.939,1.23993,1.24022,2.29,2.97
2012.07.18 23:25:44.063,1.23993,1.24022,2.29,2.22
2012.07.18 23:25:44.910,1.23993,1.24022,2.29,2.25
2012.07.18 23:25:47.564,1.23993,1.24022,2.29,2.25
2012.07.18 23:25:48.749,1.23993,1.24022,2.29,1.50
2012.07.18 23:25:49.198,1.23993,1.24022,2.29,2.25
2012.07.18 23:25:49.437,1.23997,1.24026,2.29,2.97
2012.07.18 23:25:49.966,1.23997,1.24026,2.29,2.97
2012.07.18 23:25:51.300,1.23997,1.24026,2.29,2.97
2012.07.18 23:25:55.360,1.23997,1.24026,2.29,2.97
2012.07.18 23:25:58.085,1.23994,1.2402,2.29,2.25
2012.07.18 23:25:58.269,1.23994,1.2402,2.29,2.25
2012.07.18 23:25:58.684,1.23994,1.24018,1.50,1.47
2012.07.18 23:25:59.038,1.23994,1.24018,1.50,1.47
2012.07.18 23:25:59.900,1.23994,1.24018,1.50,1.47
2012.07.18 23:26:01.181,1.23994,1.24018,1.50,1.47
2012.07.18 23:26:01.352,1.2399,1.24015,2.25,2.25
2012.07.18 23:26:03.391,1.2399,1.24015,2.25,2.25
2012.07.18 23:26:03.658,1.2399,1.24015,2.25,2.25
2012.07.18 23:26:03.823,1.2399,1.24015,2.25,2.25
2012.07.18 23:26:04.209,1.2399,1.24015,2.25,2.25
2012.07.18 23:26:04.508,1.2399,1.24015,2.25,2.25
2012.07.18 23:26:07.765,1.2399,1.24015,2.25,2.25
2012.07.18 23:26:07.946,1.2399,1.24015,2.29,2.25
2012.07.18 23:26:10.437,1.2399,1.24015,2.29,2.25
2012.07.18 23:26:16.962,1.23993,1.24021,2.25,2.97
2012.07.18 23:26:17.087,1.23997,1.24021,1.50,2.25
2012.07.18 23:26:17.452,1.23998,1.24024,1.50,1.47
2012.07.18 23:26:17.629,1.23998,1.24024,1.50,1.47
2012.07.18 23:26:17.929,1.23998,1.24026,2.29,2.25
2012.07.18 23:26:18.341,1.23998,1.24026,2.29,2.25
2012.07.18 23:26:19.001,1.23998,1.24026,2.29,2.25
2012.07.18 23:26:19.359,1.23998,1.24026,2.25,2.97
2012.07.18 23:26:20.099,1.23998,1.24026,2.25,2.97
2012.07.18 23:26:25.413,1.23998,1.24026,2.25,2.97
2012.07.18 23:26:25.936,1.23993,1.24021,2.29,2.25
2012.07.18 23:26:28.622,1.23993,1.24021,2.29,2.25
2012.07.18 23:26:28.820,1.23993,1.24021,2.29,2.25
2012.07.18 23:26:31.158,1.23993,1.24021,2.29,2.25
2012.07.18 23:26:31.783,1.23993,1.24021,2.25,2.25
2012.07.18 23:26:31.850,1.2399,1.24016,2.29,2.25
2012.07.18 23:26:32.829,1.23993,1.24019,1.50,1.50
2012.07.18 23:26:36.236,1.23993,1.24018,2.25,1.47
2012.07.18 23:26:40.734,1.23993,1.24019,1.50,1.47
2012.07.18 23:26:40.803,1.23986,1.24012,2.29,1.50
2012.07.18 23:26:41.158,1.23984,1.24012,2.29,2.25
2012.07.18 23:26:42.621,1.23989,1.24015,2.25,2.25
2012.07.18 23:26:43.526,1.23989,1.24015,2.25,2.25
2012.07.18 23:26:44.079,1.23989,1.24015,2.25,2.25
2012.07.18 23:26:46.976,1.23989,1.24015,2.25,2.25
2012.07.18 23:26:47.402,1.23992,1.24017,2.25,2.25
2012.07.18 23:26:49.811,1.23992,1.2402,2.25,2.25
2012.07.18 23:26:49.877,1.23992,1.24018,2.25,1.47
2012.07.18 23:26:52.740,1.23992,1.24019,2.25,1.47
2012.07.18 23:26:54.213,1.23992,1.2402,2.29,3.00
2012.07.18 23:26:54.293,1.23992,1.2402,2.29,2.25
2012.07.18 23:26:54.413,1.23992,1.2402,2.29,2.25
2012.07.18 23:26:59.558,1.23992,1.2402,2.29,2.25
2012.07.18 23:26:59.780,1.23992,1.2402,2.29,2.25
2012.07.18 23:27:00.134,1.23992,1.2402,2.29,2.25
2012.07.18 23:27:03.092,1.23992,1.2402,2.29,2.25
2012.07.18 23:27:04.178,1.23992,1.2402,2.29,2.25
2012.07.18 23:27:05.557,1.23992,1.2402,2.29,2.25
2012.07.18 23:27:05.621,1.23992,1.2402,2.29,2.25
2012.07.18 23:27:06.026,1.23992,1.2402,2.29,2.25
2012.07.18 23:27:06.093,1.23992,1.2402,2.25,2.97
2012.07.18 23:27:14.239,1.23989,1.24014,2.25,1.50
2012.07.18 23:27:14.364,1.23989,1.24014,2.25,1.50
2012.07.18 23:27:14.484,1.23989,1.24014,2.25,2.97
2012.07.18 23:27:14.839,1.23989,1.24014,2.25,2.97
2012.07.18 23:27:18.011,1.23986,1.24012,2.25,2.25
2012.07.18 23:27:18.747,1.23984,1.24012,2.25,2.25
2012.07.18 23:27:19.280,1.23984,1.24011,1.50,1.50
2012.07.18 23:27:19.345,1.23982,1.24008,2.25,2.25
2012.07.18 23:27:19.412,1.23981,1.24008,2.25,2.25
2012.07.18 23:27:19.717,1.23986,1.24011,2.25,2.25
2012.07.18 23:27:20.082,1.23985,1.24011,2.29,2.25
2012.07.18 23:27:20.206,1.23985,1.24011,2.29,2.25
2012.07.18 23:27:20.270,1.23985,1.24011,2.29,2.25
2012.07.18 23:27:22.229,1.23989,1.24012,2.25,1.50
2012.07.18 23:27:22.296,1.23989,1.24015,2.25,2.25
2012.07.18 23:27:22.867,1.23989,1.24015,2.25,2.25
2012.07.18 23:27:22.937,1.23989,1.24015,2.25,2.25
2012.07.18 23:27:49.139,1.23989,1.24015,2.25,2.25
2012.07.18 23:27:49.203,1.23989,1.24015,2.25,2.25
2012.07.18 23:27:51.967,1.23989,1.24015,2.29,2.25
2012.07.18 23:27:52.149,1.23992,1.2402,2.29,2.25
2012.07.18 23:27:52.713,1.23992,1.2402,2.29,2.25
2012.07.18 23:27:54.484,1.23992,1.2402,2.29,2.25
2012.07.18 23:27:54.742,1.23997,1.24022,2.29,2.25
2012.07.18 23:27:55.114,1.24003,1.24028,2.25,2.25
2012.07.18 23:27:55.250,1.24003,1.24028,2.25,2.25
2012.07.18 23:27:56.581,1.24003,1.24028,2.25,2.25
2012.07.18 23:27:56.762,1.24003,1.24028,2.25,2.25
2012.07.18 23:27:58.197,1.24003,1.24028,2.25,2.25
2012.07.18 23:28:05.369,1.24003,1.24028,2.25,2.97
2012.07.18 23:28:05.720,1.24001,1.24025,2.25,2.25
2012.07.18 23:28:06.549,1.23997,1.24025,3.04,1.50
2012.07.18 23:28:25.528,1.23999,1.24027,2.29,2.25
2012.07.18 23:28:31.028,1.24001,1.24027,1.50,2.25
2012.07.18 23:28:31.529,1.23999,1.24027,2.44,1.50
2012.07.18 23:28:43.211,1.23999,1.24027,2.59,2.25
2012.07.18 23:28:43.335,1.23999,1.24027,2.29,2.25
2012.07.18 23:28:43.456,1.23999,1.24027,2.25,2.25
2012.07.18 23:28:47.417,1.23998,1.24026,2.29,2.25
2012.07.18 23:28:47.720,1.23998,1.24021,2.25,1.47
2012.07.18 23:28:47.786,1.23998,1.24021,1.50,2.22
2012.07.18 23:28:47.852,1.23997,1.24018,1.50,2.25
2012.07.18 23:28:48.155,1.23997,1.24017,1.50,1.47
2012.07.18 23:28:48.456,1.2399,1.24017,2.25,1.47
2012.07.18 23:28:48.520,1.2399,1.24017,2.25,1.47
2012.07.18 23:28:49.055,1.23987,1.24014,2.29,1.50
2012.07.18 23:28:49.411,1.23987,1.24014,2.25,1.50
2012.07.18 23:28:49.476,1.23987,1.24014,2.25,2.97
2012.07.18 23:29:03.564,1.23993,1.24016,2.25,2.25
2012.07.18 23:29:03.689,1.23993,1.24016,2.25,2.25
2012.07.18 23:29:04.049,1.23996,1.24022,2.25,1.47
2012.07.18 23:29:04.211,1.23996,1.24022,2.25,1.47
2012.07.18 23:29:04.518,1.23996,1.24022,2.25,1.47
2012.07.18 23:29:08.553,1.23996,1.24022,2.25,1.47
2012.07.18 23:29:08.620,1.23993,1.24019,2.25,2.97
2012.07.18 23:29:20.484,1.23993,1.24019,2.29,2.25
2012.07.18 23:29:20.549,1.23993,1.24019,2.29,2.25
2012.07.18 23:29:20.850,1.23993,1.24019,2.29,1.50
2012.07.18 23:29:20.916,1.23997,1.24024,2.29,1.47
2012.07.18 23:29:21.107,1.24001,1.24025,1.50,1.47
2012.07.18 23:29:21.466,1.24001,1.24028,2.29,2.97
2012.07.18 23:29:21.532,1.24001,1.24028,2.25,2.97
2012.07.18 23:29:21.756,1.24001,1.24028,2.25,2.97
2012.07.18 23:29:22.232,1.24006,1.24029,1.50,2.97
2012.07.18 23:29:22.649,1.24001,1.24028,2.29,1.47
2012.07.18 23:29:22.714,1.24001,1.24028,2.29,1.47
2012.07.18 23:29:22.839,1.24001,1.24025,1.50,1.47
2012.07.18 23:29:22.906,1.23997,1.24025,3.00,2.97
2012.07.18 23:29:23.029,1.23997,1.24025,3.00,2.97
2012.07.18 23:29:23.333,1.23995,1.24021,1.65,2.22
2012.07.18 23:29:23.575,1.23993,1.24018,2.25,1.47
2012.07.18 23:29:23.640,1.23993,1.24018,1.50,1.47
2012.07.18 23:29:26.323,1.23993,1.24016,1.50,1.47
2012.07.18 23:29:26.478,1.23993,1.24017,1.50,1.47
2012.07.18 23:29:27.223,1.23993,1.24017,1.50,1.47
2012.07.18 23:29:33.677,1.23993,1.24017,1.50,1.47
2012.07.18 23:29:53.700,1.23991,1.24017,2.25,2.22
2012.07.18 23:29:54.256,1.23991,1.24018,2.29,1.47
2012.07.18 23:29:59.804,1.23991,1.24017,2.25,1.47
2012.07.18 23:30:00.345,1.23991,1.24018,2.29,1.47
2012.07.18 23:30:00.409,1.23991,1.24018,2.29,1.47
2012.07.18 23:30:00.914,1.23991,1.24018,2.29,1.47
2012.07.18 23:30:01.387,1.23999,1.2402,1.50,1.47
2012.07.18 23:30:01.898,1.24002,1.24024,1.50,1.47
2012.07.18 23:30:01.966,1.24002,1.24028,2.29,1.50
2012.07.18 23:30:02.269,1.24008,1.24034,2.29,2.97
2012.07.18 23:30:02.526,1.24008,1.2403,1.50,1.47
2012.07.18 23:30:02.768,1.24003,1.2403,2.25,1.47
2012.07.18 23:30:03.292,1.24003,1.24031,2.25,2.97
2012.07.18 23:30:04.763,1.24003,1.2403,2.25,1.47
2012.07.18 23:30:04.828,1.24003,1.24031,2.25,2.97
2012.07.18 23:30:04.894,1.24003,1.24031,2.25,2.97
2012.07.18 23:30:05.075,1.24003,1.24031,3.00,2.97
2012.07.18 23:30:05.256,1.24003,1.2403,2.25,1.47
2012.07.18 23:30:18.795,1.24003,1.24028,2.25,1.50
2012.07.18 23:30:21.751,1.24003,1.24028,2.25,1.50
2012.07.18 23:30:21.989,1.24003,1.24028,2.25,1.50
2012.07.18 23:30:23.047,1.24003,1.24028,2.25,2.22
2012.07.18 23:30:25.577,1.24003,1.24028,2.25,2.22
2012.07.18 23:30:27.808,1.24003,1.24028,2.25,1.47
2012.07.18 23:30:31.654,1.24003,1.24029,2.25,1.47
2012.07.18 23:30:34.257,1.24003,1.2403,3.04,2.22
2012.07.18 23:30:34.685,1.24007,1.2403,1.50,2.22
2012.07.18 23:30:40.244,1.24007,1.24032,1.50,1.47
2012.07.18 23:30:40.603,1.24007,1.24027,1.50,1.47
2012.07.18 23:30:41.170,1.24006,1.24028,1.50,1.47
2012.07.18 23:30:41.352,1.24004,1.24028,1.50,3.72
2012.07.18 23:30:41.418,1.24002,1.24027,1.50,1.47
2012.07.18 23:30:42.108,1.24002,1.24027,1.50,1.47
2012.07.18 23:30:43.218,1.24002,1.24027,1.50,1.47
2012.07.18 23:30:43.574,1.24002,1.24026,2.25,1.47
2012.07.18 23:30:43.887,1.23999,1.24026,2.25,1.47
2012.07.18 23:30:47.228,1.23999,1.24026,2.25,1.47
2012.07.18 23:30:47.293,1.23999,1.24024,2.25,1.50
2012.07.18 23:30:48.882,1.23995,1.24019,2.25,1.47
2012.07.18 23:30:49.242,1.23988,1.24014,2.25,2.22
2012.07.18 23:30:49.366,1.23988,1.24014,2.29,1.50
2012.07.18 23:30:49.490,1.23993,1.24014,1.50,2.25
2012.07.18 23:30:49.732,1.23996,1.2402,2.25,1.47
2012.07.18 23:30:51.787,1.23996,1.2402,2.25,1.47
2012.07.18 23:30:54.581,1.23996,1.2402,2.25,1.47
2012.07.18 23:30:54.762,1.23996,1.24022,2.29,2.25
2012.07.18 23:30:55.295,1.23996,1.24022,2.29,1.50
2012.07.18 23:30:56.628,1.23996,1.24022,2.29,2.25
2012.07.18 23:30:57.315,1.23996,1.24022,2.29,1.50
2012.07.18 23:30:58.172,1.24002,1.24027,1.50,2.22
2012.07.18 23:30:58.441,1.24002,1.24027,2.25,2.22
2012.07.18 23:30:58.507,1.24005,1.24029,2.25,1.47
2012.07.18 23:30:59.016,1.24005,1.24029,2.25,1.47
2012.07.18 23:30:59.532,1.24005,1.24027,1.50,1.47
2012.07.18 23:30:59.597,1.23999,1.24027,2.25,2.97
2012.07.18 23:31:02.709,1.23999,1.24025,2.25,1.47
2012.07.18 23:31:05.438,1.23999,1.24027,2.29,3.00
2012.07.18 23:31:05.505,1.24002,1.24027,2.25,2.25
2012.07.18 23:31:05.750,1.24007,1.24029,1.50,1.47
2012.07.18 23:31:05.815,1.24003,1.24026,2.25,1.47
2012.07.18 23:31:09.251,1.24003,1.24028,2.25,2.22
2012.07.18 23:31:09.431,1.23999,1.24027,2.25,2.22
2012.07.18 23:31:09.757,1.23999,1.24027,2.29,1.50
2012.07.18 23:31:10.056,1.24005,1.2403,2.25,1.47
2012.07.18 23:31:10.607,1.24001,1.24026,2.25,1.50
2012.07.18 23:31:10.673,1.24001,1.24026,2.25,1.50
2012.07.18 23:31:10.971,1.24001,1.24025,2.25,1.47
2012.07.18 23:31:13.049,1.24001,1.24026,2.25,2.25
2012.07.18 23:31:13.396,1.24001,1.24026,2.25,2.25
2012.07.18 23:31:13.775,1.24001,1.24026,2.25,2.25
2012.07.18 23:31:13.900,1.24002,1.24029,2.25,2.25
2012.07.18 23:31:14.083,1.24002,1.24029,2.25,2.25
2012.07.18 23:31:14.616,1.24002,1.24027,2.25,1.47
2012.07.18 23:31:14.688,1.24008,1.24027,1.50,1.47
2012.07.18 23:31:14.991,1.24006,1.24027,1.50,1.47
2012.07.18 23:31:15.056,1.24003,1.24027,1.50,1.47
2012.07.18 23:31:20.058,1.24003,1.24029,1.50,3.72
2012.07.18 23:31:20.438,1.24007,1.24029,1.50,1.47
2012.07.18 23:31:20.663,1.24007,1.2403,1.50,1.47
2012.07.18 23:31:22.754,1.24007,1.2403,1.50,1.47
2012.07.18 23:31:40.305,1.24007,1.2403,1.50,1.47
2012.07.18 23:31:40.647,1.24005,1.2403,1.50,1.47
2012.07.18 23:31:59.386,1.24005,1.24031,2.25,3.72
2012.07.18 23:32:05.218,1.24005,1.24031,2.25,3.72
2012.07.18 23:32:06.123,1.24005,1.24031,2.25,3.72
2012.07.18 23:32:06.328,1.24005,1.24031,2.25,3.72
2012.07.18 23:32:13.689,1.24005,1.24031,2.25,3.72
2012.07.18 23:32:14.362,1.24005,1.24031,2.25,3.72
2012.07.18 23:32:14.565,1.24005,1.24031,2.25,3.72
2012.07.18 23:32:18.786,1.24011,1.24031,1.50,1.47
2012.07.18 23:32:19.546,1.24011,1.24035,1.50,2.22
2012.07.18 23:32:20.086,1.24011,1.24037,2.25,2.25
2012.07.18 23:32:20.150,1.24011,1.24037,2.25,2.25
2012.07.18 23:32:25.777,1.24011,1.24031,1.50,1.47
2012.07.18 23:32:26.080,1.24011,1.2403,1.50,2.22
2012.07.18 23:32:26.939,1.24011,1.24031,1.50,1.47
2012.07.18 23:32:27.004,1.24007,1.24032,1.50,2.25
2012.07.18 23:32:27.100,1.24007,1.24032,1.50,2.25
2012.07.18 23:32:27.326,1.24007,1.24032,1.50,2.25
2012.07.18 23:32:27.868,1.24007,1.24032,1.50,2.25
2012.07.18 23:32:27.932,1.24007,1.24032,1.50,2.25
2012.07.18 23:32:28.087,1.24007,1.24032,1.50,2.25
2012.07.18 23:32:29.187,1.24007,1.24032,1.50,2.25
2012.07.18 23:32:30.509,1.24007,1.24032,1.50,2.25
2012.07.18 23:32:33.819,1.24007,1.24032,1.50,2.25
2012.07.18 23:32:34.323,1.24007,1.24032,2.25,2.25
2012.07.18 23:32:35.833,1.24007,1.24032,2.25,2.25
2012.07.18 23:32:36.311,1.24002,1.24028,2.25,2.25
2012.07.18 23:32:36.666,1.24002,1.24028,2.25,2.25
2012.07.18 23:32:37.139,1.24002,1.24026,2.25,1.47
2012.07.18 23:32:37.685,1.24002,1.24028,2.25,2.25
2012.07.18 23:32:37.808,1.24002,1.24028,2.25,2.25
2012.07.18 23:32:38.129,1.24002,1.24028,2.25,2.25
2012.07.18 23:32:39.668,1.24002,1.24028,2.25,2.25
2012.07.18 23:32:40.326,1.24002,1.24028,2.25,1.50
2012.07.18 23:32:40.724,1.24005,1.24031,2.25,1.47
2012.07.18 23:32:43.748,1.24005,1.24031,2.25,1.47
2012.07.18 23:32:45.387,1.24005,1.2403,2.25,1.47
2012.07.18 23:32:46.141,1.24005,1.2403,2.25,1.47
2012.07.18 23:32:46.405,1.24005,1.2403,2.25,1.47
2012.07.18 23:33:03.326,1.24003,1.2403,2.25,1.47
2012.07.18 23:33:03.420,1.24003,1.2403,2.25,1.47
2012.07.18 23:33:15.721,1.24003,1.24031,2.25,2.25
2012.07.18 23:33:23.211,1.24003,1.24029,1.50,2.25
2012.07.18 23:33:23.368,1.24003,1.24029,2.25,2.25
2012.07.18 23:33:24.109,1.24003,1.24029,2.25,2.25
2012.07.18 23:33:24.293,1.24003,1.24029,2.25,1.50
2012.07.18 23:33:24.724,1.23999,1.24025,2.25,1.50
2012.07.18 23:33:24.788,1.23999,1.24025,2.25,1.50
2012.07.18 23:33:25.721,1.24003,1.24029,1.50,2.25
2012.07.18 23:33:25.786,1.24003,1.24029,2.25,2.25
2012.07.18 23:33:26.107,1.24003,1.24029,2.25,2.25
2012.07.18 23:33:26.286,1.24003,1.24029,2.25,2.25
2012.07.18 23:33:30.111,1.24003,1.24029,2.25,2.25
2012.07.18 23:33:30.315,1.24003,1.24029,2.25,2.25
2012.07.18 23:33:31.346,1.24003,1.24029,2.25,2.25
2012.07.18 23:33:31.901,1.24003,1.24029,2.25,1.50
2012.07.18 23:33:33.729,1.24003,1.24029,2.25,2.25
2012.07.18 23:33:34.258,1.24003,1.24029,2.25,1.50
2012.07.18 23:33:34.954,1.24003,1.24029,2.25,2.25
2012.07.18 23:33:40.280,1.24003,1.24029,2.25,2.25
2012.07.18 23:33:40.886,1.24003,1.24028,2.25,2.97
2012.07.18 23:33:41.478,1.23998,1.24026,2.29,1.50
2012.07.18 23:33:42.555,1.23998,1.24026,2.29,2.25
2012.07.18 23:33:46.740,1.23998,1.24026,2.29,1.50
2012.07.18 23:33:47.279,1.23998,1.24026,2.25,2.25
2012.07.18 23:33:48.905,1.23998,1.24026,2.25,2.25
2012.07.18 23:33:49.785,1.23998,1.24026,2.25,2.25
2012.07.18 23:33:50.224,1.23998,1.24026,2.25,2.25
2012.07.18 23:33:50.893,1.23998,1.24026,2.25,2.25
2012.07.18 23:33:51.104,1.23998,1.24026,2.25,2.25
2012.07.18 23:33:51.440,1.23998,1.24026,2.25,2.25
2012.07.18 23:33:51.828,1.23998,1.24026,2.25,2.25
2012.07.18 23:33:51.891,1.23998,1.24026,2.25,2.25
2012.07.18 23:33:52.205,1.23998,1.24026,2.25,2.25
2012.07.18 23:33:52.535,1.23998,1.24026,2.25,2.25
2012.07.18 23:33:52.755,1.23998,1.24026,2.25,2.25
2012.07.18 23:33:52.975,1.23998,1.24026,2.25,2.25
2012.07.18 23:33:53.530,1.23998,1.24026,2.25,2.25
2012.07.18 23:33:53.643,1.23998,1.24026,2.25,2.25
2012.07.18 23:33:53.964,1.23998,1.24026,2.25,2.25
2012.07.18 23:33:54.185,1.23998,1.24026,2.25,2.25
2012.07.18 23:33:54.625,1.23998,1.24026,2.25,2.25
2012.07.18 23:33:55.127,1.23998,1.24026,2.25,2.25
2012.07.18 23:33:55.190,1.23998,1.24026,2.25,2.25
2012.07.18 23:33:55.395,1.23998,1.24026,2.25,2.25
2012.07.18 23:33:55.945,1.23998,1.24026,2.25,2.25
2012.07.18 23:33:56.488,1.23998,1.24026,2.25,2.25
2012.07.18 23:33:56.605,1.23998,1.24026,2.25,2.25
2012.07.18 23:33:57.375,1.23998,1.24026,2.25,2.25
2012.07.18 23:33:58.034,1.23998,1.24026,2.25,2.25
2012.07.18 23:33:58.585,1.23998,1.24026,2.25,2.25
2012.07.18 23:33:59.095,1.23998,1.24026,2.25,2.25
2012.07.18 23:33:59.800,1.23998,1.24026,2.25,2.25
2012.07.18 23:34:00.254,1.23998,1.24026,2.25,2.25
2012.07.18 23:34:01.005,1.23998,1.24026,2.25,2.25
2012.07.18 23:34:01.335,1.23998,1.24026,2.25,2.25
2012.07.18 23:34:01.605,1.23998,1.24026,2.25,2.25
2012.07.18 23:34:02.121,1.23998,1.24026,2.29,2.25
2012.07.18 23:34:02.186,1.23998,1.24026,2.29,2.25
2012.07.18 23:34:02.899,1.24002,1.2403,2.25,2.25
2012.07.18 23:34:03.285,1.24002,1.2403,2.25,2.25
2012.07.18 23:34:14.070,1.24002,1.2403,2.25,1.50
2012.07.18 23:34:15.414,1.24003,1.2403,1.54,1.50
2012.07.18 23:34:15.653,1.24002,1.2403,2.29,1.50
2012.07.18 23:34:15.778,1.24002,1.24029,2.25,1.47
2012.07.18 23:34:15.844,1.24002,1.24029,2.25,1.47
2012.07.18 23:34:15.967,1.24003,1.24026,1.50,1.47
2012.07.18 23:34:16.324,1.24002,1.24022,1.50,1.50
2012.07.18 23:34:16.388,1.23994,1.24022,3.04,1.50
2012.07.18 23:34:16.526,1.23999,1.24024,2.25,1.50
2012.07.18 23:34:16.926,1.23996,1.24021,2.29,1.50
2012.07.18 23:34:20.471,1.24,1.24026,2.25,1.47
2012.07.18 23:34:21.337,1.24,1.24027,2.29,2.25
2012.07.18 23:34:21.462,1.24,1.24027,2.29,2.25
2012.07.18 23:34:21.892,1.24,1.24025,2.29,1.50
2012.07.18 23:34:21.960,1.24003,1.24029,2.29,1.50
2012.07.18 23:34:23.556,1.24001,1.24024,2.29,1.50
2012.07.18 23:34:25.060,1.24001,1.24027,2.29,1.50
2012.07.18 23:34:25.577,1.24001,1.24029,2.29,2.25
2012.07.18 23:34:36.066,1.24001,1.24029,2.29,1.50
2012.07.18 23:34:40.663,1.24001,1.24029,2.29,2.25
2012.07.18 23:34:40.772,1.24001,1.24029,2.29,1.50
2012.07.18 23:34:44.425,1.24001,1.24029,2.29,2.25
2012.07.18 23:34:44.549,1.23997,1.24025,2.29,1.50
2012.07.18 23:34:45.462,1.23997,1.24025,2.29,2.25
2012.07.18 23:34:46.130,1.23997,1.24025,2.29,1.50
2012.07.18 23:34:47.585,1.23997,1.24025,2.29,2.25
2012.07.18 23:34:53.964,1.23997,1.24025,2.29,2.25
2012.07.18 23:35:02.984,1.23997,1.24025,2.29,2.25
2012.07.18 23:35:03.204,1.23997,1.24025,2.29,2.25
2012.07.18 23:35:11.454,1.23997,1.24025,2.29,2.25
2012.07.18 23:35:11.564,1.23997,1.24025,2.29,2.25
2012.07.18 23:35:13.122,1.23997,1.24025,2.29,2.25
2012.07.18 23:35:14.584,1.23997,1.24025,2.29,2.25
2012.07.18 23:35:14.765,1.24001,1.24026,2.29,2.25
2012.07.18 23:35:14.947,1.24001,1.24029,2.29,2.25
2012.07.18 23:35:15.012,1.24001,1.24029,2.29,2.25
2012.07.18 23:35:15.545,1.24005,1.24033,2.29,3.00
2012.07.18 23:35:15.611,1.24005,1.24033,2.29,2.25
2012.07.18 23:35:15.676,1.24005,1.24033,2.29,2.25
2012.07.18 23:35:25.139,1.24001,1.24029,2.29,1.50
2012.07.18 23:35:25.654,1.24006,1.24031,2.25,1.47
2012.07.18 23:35:25.779,1.24002,1.24028,2.25,1.50
2012.07.18 23:35:25.844,1.24002,1.24028,2.25,1.50
2012.07.18 23:35:27.011,1.24002,1.24028,2.25,2.25
2012.07.18 23:35:27.765,1.24002,1.24028,2.25,1.50
2012.07.18 23:35:29.355,1.24002,1.24028,2.25,1.50
2012.07.18 23:35:46.028,1.24006,1.24032,2.25,1.47
2012.07.18 23:35:46.091,1.24006,1.24032,2.25,1.47
2012.07.18 23:35:59.832,1.24006,1.24032,2.25,1.47
2012.07.18 23:35:59.993,1.24006,1.24032,2.25,1.47
2012.07.18 23:36:15.237,1.24,1.24026,2.29,1.50
2012.07.18 23:36:35.605,1.24002,1.24028,2.29,1.50
2012.07.18 23:36:41.703,1.24002,1.24028,2.29,2.25
2012.07.18 23:36:41.947,1.24002,1.24028,2.29,1.50
2012.07.18 23:37:05.085,1.24002,1.24028,2.29,1.50
2012.07.18 23:37:07.766,1.24006,1.24031,2.29,2.25
2012.07.18 23:37:08.292,1.24006,1.24031,2.29,1.50
2012.07.18 23:37:34.278,1.24006,1.24031,2.29,1.50
2012.07.18 23:37:41.259,1.2401,1.24033,2.25,2.22
2012.07.18 23:37:42.711,1.2401,1.24035,2.25,1.50
2012.07.18 23:38:04.032,1.2401,1.24035,2.25,1.50
2012.07.18 23:38:31.662,1.2401,1.24035,2.25,2.25
2012.07.18 23:38:31.882,1.2401,1.24035,2.25,2.25
2012.07.18 23:38:33.951,1.2401,1.24035,2.25,2.25
2012.07.18 23:39:04.225,1.24003,1.24038,1.54,1.50
2012.07.18 23:39:12.914,1.24005,1.24039,1.54,1.47
2012.07.18 23:39:13.337,1.24013,1.24039,2.29,2.25
2012.07.18 23:39:14.780,1.24013,1.24039,2.29,2.25
2012.07.18 23:39:14.992,1.24013,1.24039,2.29,1.50
2012.07.18 23:39:22.901,1.24013,1.24039,2.29,1.50
2012.07.18 23:39:23.393,1.24016,1.24043,2.29,2.61
2012.07.18 23:39:23.693,1.24022,1.24043,2.29,1.86
2012.07.18 23:39:24.432,1.24022,1.24043,2.29,1.86
2012.07.18 23:39:24.498,1.24022,1.24042,1.54,2.61
2012.07.18 23:39:25.052,1.24022,1.24042,1.54,1.86
2012.07.18 23:39:34.927,1.24022,1.24042,1.50,1.86
2012.07.18 23:39:35.166,1.24022,1.24043,1.54,1.86
2012.07.18 23:39:35.351,1.24019,1.24042,2.29,2.61
2012.07.18 23:39:35.964,1.24013,1.24042,5.14,2.61
2012.07.18 23:39:39.299,1.24018,1.24042,2.29,2.61
2012.07.18 23:39:45.121,1.24018,1.24042,4.09,1.86
2012.07.18 23:39:45.946,1.24028,1.24043,1.50,1.86
2012.07.18 23:39:48.451,1.24021,1.24043,2.59,2.61
2012.07.18 23:39:48.574,1.24019,1.24043,2.25,2.61
2012.07.18 23:39:49.644,1.24019,1.24042,2.25,2.61
2012.07.18 23:39:50.692,1.24019,1.24042,2.29,2.61
2012.07.18 23:39:55.264,1.24019,1.24042,2.29,1.50
2012.07.18 23:39:55.501,1.24019,1.24043,3.04,2.61
2012.07.18 23:39:55.679,1.24019,1.24043,3.04,2.61
2012.07.18 23:40:04.633,1.24019,1.24043,2.29,2.61
2012.07.18 23:40:04.718,1.24019,1.24043,2.29,2.61
2012.07.18 23:40:13.464,1.24018,1.24043,1.54,4.11
2012.07.18 23:40:15.517,1.24018,1.24041,1.54,1.50
2012.07.18 23:40:15.771,1.24016,1.24039,1.50,2.25
2012.07.18 23:40:15.894,1.24012,1.24039,1.54,2.25
2012.07.18 23:40:16.102,1.24016,1.2404,1.50,2.25
2012.07.18 23:40:26.490,1.24016,1.24041,1.54,1.50
2012.07.18 23:40:31.362,1.24016,1.24041,1.54,1.50
2012.07.18 23:40:33.335,1.24016,1.24041,1.54,1.50
2012.07.18 23:40:35.953,1.24016,1.24041,1.54,1.50
2012.07.18 23:40:37.481,1.24016,1.24041,1.54,1.50
2012.07.18 23:40:38.238,1.24016,1.24041,1.54,1.50
2012.07.18 23:40:39.460,1.24016,1.24041,1.50,2.22
2012.07.18 23:40:39.815,1.24013,1.24038,1.54,2.25
2012.07.18 23:40:42.362,1.24013,1.24038,1.54,3.00
2012.07.18 23:40:49.735,1.24013,1.24038,1.54,2.25
2012.07.18 23:40:53.431,1.24013,1.24038,1.54,2.25
2012.07.18 23:40:53.958,1.24013,1.24038,1.54,1.50
2012.07.18 23:40:54.022,1.24013,1.24038,1.54,2.25
2012.07.18 23:40:57.206,1.24013,1.24038,1.54,2.25
2012.07.18 23:40:57.721,1.24013,1.24038,1.54,2.25
2012.07.18 23:41:00.959,1.24011,1.24037,1.54,2.25
2012.07.18 23:41:01.483,1.24014,1.24041,1.54,2.22
2012.07.18 23:41:05.461,1.24014,1.24042,1.54,3.00
2012.07.18 23:41:05.525,1.24014,1.24042,2.29,3.00
2012.07.18 23:41:06.000,1.24014,1.24042,2.29,4.86
2012.07.18 23:41:12.706,1.24014,1.24042,2.29,4.86
2012.07.18 23:41:22.613,1.24016,1.24042,2.29,4.86
2012.07.18 23:41:26.635,1.24016,1.24042,2.29,2.25
2012.07.18 23:41:26.699,1.24016,1.24042,2.29,2.25
2012.07.18 23:41:27.361,1.2402,1.24042,1.54,3.36
2012.07.18 23:41:27.601,1.24023,1.24042,1.84,3.36
2012.07.18 23:41:27.674,1.24023,1.24042,1.80,3.36
2012.07.18 23:41:28.209,1.24018,1.24042,1.54,2.61
2012.07.18 23:41:34.319,1.24018,1.24042,1.80,2.61
2012.07.18 23:41:34.503,1.24014,1.2404,2.25,2.97
2012.07.18 23:41:35.023,1.24012,1.2404,2.29,2.97
2012.07.18 23:41:37.519,1.24009,1.24035,3.79,1.50
2012.07.18 23:41:57.236,1.24014,1.2404,2.25,2.22
2012.07.18 23:41:57.301,1.24017,1.2404,1.50,2.22
2012.07.18 23:41:57.366,1.24019,1.24042,2.25,3.36
2012.07.18 23:41:57.590,1.24019,1.24042,2.25,2.61
2012.07.18 23:41:57.832,1.24025,1.24043,2.59,3.36
2012.07.18 23:41:57.973,1.24024,1.24043,3.00,3.36
2012.07.18 23:41:58.041,1.24019,1.24043,1.54,3.36
2012.07.18 23:41:58.105,1.24019,1.24043,1.54,2.61
2012.07.18 23:41:58.479,1.24015,1.2404,2.29,2.25
2012.07.18 23:41:59.096,1.24015,1.2404,2.29,1.50
2012.07.18 23:41:59.650,1.24015,1.2404,2.29,2.25
2012.07.18 23:42:00.330,1.24015,1.2404,2.29,2.25
2012.07.18 23:42:02.715,1.24015,1.2404,2.29,2.25
2012.07.18 23:42:08.004,1.24015,1.2404,2.29,2.25
2012.07.18 23:42:08.631,1.24015,1.2404,2.29,2.25
2012.07.18 23:42:11.753,1.24017,1.24043,4.09,2.61
2012.07.18 23:42:12.350,1.24017,1.24043,4.09,2.61
2012.07.18 23:42:12.415,1.24017,1.24043,4.09,2.61
2012.07.18 23:42:12.732,1.2402,1.24043,2.59,2.61
2012.07.18 23:42:15.567,1.24022,1.24043,1.50,2.61
2012.07.18 23:42:15.690,1.24022,1.24043,1.50,2.61
2012.07.18 23:42:16.221,1.24022,1.24043,1.50,2.61
2012.07.18 23:42:17.449,1.24022,1.24043,2.29,2.61
2012.07.18 23:42:19.666,1.24017,1.24043,4.09,2.61
2012.07.18 23:42:21.910,1.24017,1.24043,2.25,2.61
2012.07.18 23:42:22.093,1.24017,1.24041,2.25,1.50
2012.07.18 23:42:22.334,1.24017,1.24042,2.29,2.61
2012.07.18 23:42:22.692,1.24018,1.24042,2.59,2.61
2012.07.18 23:42:22.757,1.24018,1.24042,2.59,2.61
2012.07.18 23:42:25.412,1.24018,1.24042,2.59,1.86
2012.07.18 23:42:25.596,1.2403,1.24044,1.80,1.52
2012.07.18 23:42:25.660,1.24027,1.24044,1.54,1.52
2012.07.18 23:42:25.900,1.24028,1.24047,1.50,1.52
2012.07.18 23:42:26.024,1.24028,1.24046,2.25,1.52
2012.07.18 23:42:26.146,1.24029,1.24048,1.80,1.52
2012.07.18 23:42:26.507,1.24025,1.24047,1.54,2.27
2012.07.18 23:42:26.631,1.24021,1.24044,2.29,1.52
2012.07.18 23:42:27.363,1.24029,1.24047,2.59,1.52
2012.07.18 23:42:27.662,1.2403,1.24047,1.84,1.52
2012.07.18 23:42:28.163,1.2403,1.24052,2.59,1.64
2012.07.18 23:42:32.118,1.24027,1.24052,2.29,1.64
2012.07.18 23:42:33.719,1.24027,1.24052,2.29,1.64
2012.07.18 23:42:33.843,1.24027,1.24052,2.29,1.64
2012.07.18 23:42:33.966,1.24026,1.2405,1.54,1.66
2012.07.18 23:42:34.205,1.24028,1.24052,4.09,3.14
2012.07.18 23:42:48.238,1.24029,1.24052,2.59,1.64
2012.07.18 23:43:05.182,1.24029,1.24051,2.59,1.66
2012.07.18 23:43:21.353,1.24029,1.24051,1.84,1.66
2012.07.18 23:43:22.604,1.24029,1.24051,1.84,1.66
2012.07.18 23:43:32.518,1.24029,1.24052,3.34,1.64
2012.07.18 23:43:41.996,1.24029,1.24052,1.54,1.64
2012.07.18 23:43:47.447,1.24029,1.24052,1.54,1.64
2012.07.18 23:44:02.757,1.2403,1.24052,1.84,1.64
2012.07.18 23:44:15.578,1.2403,1.24055,1.84,1.75
2012.07.18 23:44:16.271,1.2403,1.24052,1.84,1.64
2012.07.18 23:44:16.335,1.2403,1.24057,1.84,2.25
2012.07.18 23:44:16.400,1.24032,1.24057,1.84,2.25
2012.07.18 23:44:16.465,1.24032,1.24057,1.84,2.25
2012.07.18 23:44:16.529,1.24032,1.24057,1.84,2.25
2012.07.18 23:44:17.003,1.24032,1.24057,1.84,2.25
2012.07.18 23:44:19.398,1.24031,1.24057,1.84,2.97
2012.07.18 23:44:19.521,1.24029,1.24054,1.50,1.47
2012.07.18 23:44:19.586,1.24029,1.24056,1.50,1.47
2012.07.18 23:44:19.651,1.24029,1.24056,1.50,1.47
2012.07.18 23:44:19.715,1.24029,1.24057,1.54,3.72
2012.07.18 23:44:19.838,1.2403,1.24056,1.80,1.47
2012.07.18 23:44:20.193,1.24029,1.24051,1.50,1.47
2012.07.18 23:44:20.258,1.24027,1.24051,1.50,2.97
2012.07.18 23:44:20.615,1.24025,1.24051,3.34,2.97
2012.07.18 23:44:20.917,1.24022,1.24047,1.50,2.97
2012.07.18 23:44:20.982,1.24019,1.24047,1.54,2.97
2012.07.18 23:44:21.316,1.24025,1.24047,1.50,1.47
2012.07.18 23:44:22.003,1.24025,1.24047,1.50,1.47
2012.07.18 23:44:22.638,1.24022,1.24046,1.54,2.25
2012.07.18 23:44:26.057,1.2402,1.24046,2.29,1.50
2012.07.18 23:44:26.366,1.24031,1.24058,1.54,1.47
2012.07.18 23:44:26.432,1.24032,1.24059,1.84,2.97
2012.07.18 23:44:39.589,1.24032,1.24058,1.84,1.47
2012.07.18 23:44:39.832,1.24025,1.24049,2.20,2.25
2012.07.18 23:44:40.014,1.24021,1.24049,3.04,2.97
2012.07.18 23:44:42.720,1.24021,1.24048,1.54,1.47
2012.07.18 23:45:06.096,1.24019,1.24047,3.34,2.25
2012.07.18 23:45:06.277,1.24019,1.24045,3.30,1.47
2012.07.18 23:45:06.532,1.24017,1.24042,1.54,2.25
2012.07.18 23:45:08.306,1.24014,1.24042,2.29,2.25
2012.07.18 23:45:15.058,1.24014,1.24042,2.29,2.25
2012.07.18 23:45:15.125,1.24014,1.24042,2.29,2.25
2012.07.18 23:45:15.306,1.24014,1.24041,2.29,1.47
2012.07.18 23:45:15.786,1.24014,1.24039,1.50,1.47
2012.07.18 23:45:16.397,1.24011,1.24038,1.54,2.25
2012.07.18 23:45:22.341,1.24011,1.24036,1.54,1.47
2012.07.18 23:45:45.706,1.24011,1.24037,1.50,1.47
2012.07.18 23:45:56.538,1.24014,1.24037,1.50,1.47
2012.07.18 23:46:10.525,1.24009,1.24037,2.29,2.97
2012.07.18 23:46:16.107,1.24009,1.24037,2.29,2.97
2012.07.18 23:46:42.737,1.24009,1.24035,2.29,2.25
2012.07.18 23:47:00.367,1.2401,1.24036,2.29,2.25
2012.07.18 23:47:00.545,1.2401,1.24036,2.29,2.25
2012.07.18 23:47:01.388,1.2401,1.24036,1.54,3.72
2012.07.18 23:47:01.453,1.2401,1.24036,1.54,3.72
2012.07.18 23:47:01.578,1.24003,1.24029,1.54,2.25
2012.07.18 23:47:05.114,1.24007,1.24032,1.50,2.97
2012.07.18 23:47:22.155,1.24003,1.2403,2.29,2.25
2012.07.18 23:47:22.692,1.24003,1.24027,1.54,2.25
2012.07.18 23:47:22.816,1.24004,1.24031,1.54,1.50
2012.07.18 23:47:24.250,1.24004,1.24031,1.54,1.50
2012.07.18 23:47:27.035,1.24004,1.24031,2.29,1.50
2012.07.18 23:47:27.383,1.24006,1.24033,3.34,1.50
2012.07.18 23:47:30.996,1.24006,1.24033,2.29,2.25
2012.07.18 23:47:32.826,1.24006,1.24033,1.54,1.50
2012.07.18 23:47:33.126,1.24012,1.24037,1.54,1.50
2012.07.18 23:47:41.519,1.24013,1.24037,2.55,2.25
2012.07.18 23:47:42.021,1.24012,1.24037,1.50,2.97
2012.07.18 23:47:53.489,1.24009,1.24034,3.04,2.25
2012.07.18 23:47:54.313,1.24008,1.24033,2.25,2.97
2012.07.18 23:47:54.613,1.24008,1.24033,1.54,2.25
2012.07.18 23:47:55.120,1.24008,1.24033,1.50,2.25
2012.07.18 23:47:55.302,1.24005,1.24029,2.29,1.50
2012.07.18 23:47:57.685,1.24002,1.24029,4.09,1.50
2012.07.18 23:47:57.891,1.24002,1.24029,4.09,1.50
2012.07.18 23:47:58.121,1.24002,1.24029,4.09,1.50
2012.07.18 23:48:05.298,1.24002,1.24029,4.09,1.50
2012.07.18 23:48:09.667,1.24002,1.24029,4.09,2.25
2012.07.18 23:48:10.357,1.24002,1.24029,1.54,2.25
2012.07.18 23:48:14.293,1.24002,1.24029,1.54,2.25
2012.07.18 23:48:28.294,1.24003,1.24029,1.54,2.25
2012.07.18 23:48:29.629,1.24003,1.24029,1.50,2.25
2012.07.18 23:48:32.238,1.24003,1.24029,2.25,2.25
2012.07.18 23:48:32.927,1.24003,1.24029,1.50,2.25
2012.07.18 23:48:33.667,1.24003,1.24029,2.25,2.25
2012.07.18 23:48:33.977,1.24008,1.24031,1.50,1.47
2012.07.18 23:48:40.520,1.24008,1.24033,1.50,2.25
2012.07.18 23:48:40.760,1.24008,1.24032,1.50,1.47
2012.07.18 23:48:41.056,1.24002,1.2403,2.29,2.25
2012.07.18 23:48:43.484,1.24002,1.2403,2.29,2.25
2012.07.18 23:48:43.606,1.24002,1.2403,2.29,2.25
2012.07.18 23:48:48.005,1.24002,1.2403,2.29,2.25
2012.07.18 23:48:48.401,1.24002,1.2403,2.29,2.25
2012.07.18 23:48:48.999,1.24002,1.2403,1.54,2.25
2012.07.18 23:48:51.607,1.24002,1.2403,2.29,2.25
2012.07.18 23:48:52.941,1.24007,1.24032,1.50,1.47
2012.07.18 23:49:00.305,1.24007,1.2403,1.50,1.47
2012.07.18 23:49:00.901,1.24007,1.2403,1.50,1.47
2012.07.18 23:49:01.024,1.24004,1.2403,1.50,2.97
2012.07.18 23:49:01.779,1.24002,1.2403,1.54,2.97
2012.07.18 23:49:03.123,1.24002,1.24029,1.50,1.47
2012.07.18 23:49:15.368,1.24002,1.24029,2.29,1.47
2012.07.18 23:49:16.188,1.24002,1.2403,2.29,2.25
2012.07.18 23:49:21.026,1.24005,1.24031,1.54,2.25
2012.07.18 23:49:25.957,1.24005,1.2403,1.54,2.25
2012.07.18 23:49:26.022,1.24,1.24028,2.29,2.25
2012.07.18 23:49:26.813,1.24005,1.24032,1.50,2.97
2012.07.18 23:49:29.986,1.24005,1.24032,2.29,2.25
2012.07.18 23:49:32.548,1.24005,1.24032,2.29,2.25
2012.07.18 23:49:32.851,1.24005,1.24031,2.29,1.47
2012.07.18 23:49:33.359,1.2401,1.24031,1.50,1.47
2012.07.18 23:49:34.201,1.2401,1.24035,1.54,2.25
2012.07.18 23:49:34.610,1.2401,1.24035,1.54,2.25
2012.07.18 23:49:34.680,1.24012,1.2404,1.54,2.97
2012.07.18 23:49:37.078,1.24012,1.2404,2.29,2.97
2012.07.18 23:49:37.640,1.24012,1.2404,1.54,2.97
2012.07.18 23:49:40.135,1.24012,1.24039,1.54,1.47
2012.07.18 23:49:42.624,1.24009,1.24035,2.29,2.25
2012.07.18 23:49:53.167,1.24013,1.24037,1.50,2.25
2012.07.18 23:49:53.769,1.24013,1.24038,1.50,1.47
2012.07.18 23:49:56.216,1.24013,1.24038,1.50,1.47
2012.07.18 23:49:56.339,1.2401,1.24035,2.25,2.25
2012.07.18 23:49:57.004,1.24009,1.24035,2.29,2.25
2012.07.18 23:49:57.127,1.24009,1.24035,2.29,2.25
2012.07.18 23:50:03.335,1.24009,1.24035,2.29,2.25
2012.07.18 23:50:12.622,1.24009,1.24035,1.54,2.25
2012.07.18 23:50:13.231,1.24009,1.24035,1.54,2.25
2012.07.18 23:51:02.168,1.24009,1.24037,1.54,2.97
2012.07.18 23:51:02.594,1.24009,1.24037,1.54,2.25
2012.07.18 23:51:04.464,1.24009,1.24037,1.54,2.25
2012.07.18 23:51:11.720,1.24009,1.24037,1.54,2.25
2012.07.18 23:51:12.198,1.24009,1.24037,1.54,3.00
2012.07.18 23:51:12.765,1.24009,1.24036,1.50,2.22
2012.07.18 23:51:13.714,1.24009,1.24036,1.50,2.22
2012.07.18 23:51:16.980,1.24002,1.24036,2.59,1.47
2012.07.18 23:51:18.697,1.24005,1.24033,2.29,2.25
2012.07.18 23:51:19.244,1.24005,1.24033,1.54,2.25
2012.07.18 23:51:28.454,1.2401,1.24034,1.50,1.47
2012.07.18 23:51:30.708,1.24005,1.24033,1.54,2.25
2012.07.18 23:51:49.432,1.24005,1.24033,1.54,2.25
2012.07.18 23:52:00.339,1.24005,1.24033,1.54,1.50
2012.07.18 23:52:00.402,1.24005,1.24033,1.54,1.50
2012.07.18 23:52:00.953,1.24008,1.24033,1.50,2.25
2012.07.18 23:52:02.642,1.24008,1.24033,1.50,2.25
2012.07.18 23:52:22.053,1.24009,1.24034,1.50,1.47
2012.07.18 23:52:32.666,1.24009,1.24034,1.50,1.47
2012.07.18 23:52:33.215,1.24009,1.24034,1.50,1.47
2012.07.18 23:52:40.617,1.24009,1.24034,1.50,1.47
2012.07.18 23:52:41.497,1.24007,1.24031,1.50,1.47
2012.07.18 23:52:41.561,1.24005,1.24031,1.50,1.47
2012.07.18 23:53:01.325,1.24005,1.2403,1.50,1.47
2012.07.18 23:53:11.551,1.24005,1.2403,1.50,1.47
2012.07.18 23:53:18.065,1.24005,1.24024,1.50,1.50
2012.07.18 23:53:18.542,1.24005,1.24025,1.50,1.50
2012.07.18 23:53:26.975,1.24005,1.24024,1.50,1.50
2012.07.18 23:53:27.484,1.24005,1.24024,1.50,1.50
2012.07.18 23:53:35.767,1.24005,1.24024,1.50,1.50
2012.07.18 23:53:36.494,1.24005,1.24024,1.50,1.50
2012.07.18 23:53:41.824,1.23996,1.2403,3.34,1.47
2012.07.18 23:53:42.983,1.23996,1.24032,3.30,1.50
2012.07.18 23:53:50.756,1.23996,1.24034,3.30,1.50
2012.07.18 23:53:51.383,1.23996,1.24031,3.30,1.50
2012.07.18 23:53:55.021,1.23996,1.24034,3.30,1.50
2012.07.18 23:53:55.791,1.23996,1.24031,3.30,1.50
2012.07.18 23:54:00.164,1.23996,1.24034,3.30,1.50
2012.07.18 23:54:00.862,1.23996,1.24031,3.30,1.50
2012.07.18 23:54:01.206,1.23996,1.24033,3.30,1.50
2012.07.18 23:54:03.351,1.23996,1.24031,2.55,1.50
2012.07.18 23:54:10.394,1.23996,1.24034,2.55,1.50
2012.07.18 23:54:15.375,1.23996,1.24032,2.97,1.47
2012.07.18 23:54:15.492,1.23998,1.24031,1.54,1.47
2012.07.18 23:54:19.005,1.24,1.24031,1.54,1.47
2012.07.18 23:54:43.066,1.24002,1.2403,2.29,2.97
2012.07.18 23:54:54.680,1.24002,1.2403,2.29,2.25
2012.07.18 23:54:54.802,1.24002,1.2403,2.29,2.25
2012.07.18 23:54:54.984,1.24004,1.2403,1.50,2.25
2012.07.18 23:54:55.049,1.24006,1.24033,1.50,1.47
2012.07.18 23:54:55.114,1.24006,1.24034,1.50,3.00
2012.07.18 23:54:55.658,1.24003,1.24028,1.54,1.50
2012.07.18 23:55:00.730,1.24008,1.2403,1.50,2.25
2012.07.18 23:55:01.584,1.24008,1.24033,1.50,2.97
2012.07.18 23:55:06.275,1.24002,1.2403,1.54,2.25
2012.07.18 23:55:06.678,1.24002,1.24028,1.50,1.47
2012.07.18 23:55:06.918,1.23998,1.24026,2.25,2.97
2012.07.18 23:55:07.497,1.23998,1.24026,1.50,2.97
2012.07.18 23:55:12.922,1.24,1.24026,1.50,2.97
2012.07.18 23:55:13.421,1.24003,1.24026,1.50,2.25
2012.07.18 23:55:13.488,1.23997,1.24025,2.29,2.25
2012.07.18 23:55:17.094,1.24,1.24025,1.50,2.25
2012.07.18 23:55:17.158,1.24002,1.24027,1.50,1.47
2012.07.18 23:55:17.297,1.24002,1.24027,1.50,1.47
2012.07.18 23:55:17.817,1.24002,1.24029,1.54,2.25
2012.07.18 23:55:18.447,1.24002,1.24029,2.29,2.25
2012.07.18 23:55:21.614,1.24007,1.24033,1.50,2.97
2012.07.18 23:55:41.552,1.24004,1.24031,3.04,2.25
2012.07.18 23:55:48.123,1.24004,1.24031,1.54,2.25
2012.07.18 23:55:56.101,1.24004,1.24031,1.54,2.25
2012.07.18 23:55:56.170,1.24008,1.24035,1.54,1.50
2012.07.18 23:55:57.189,1.24013,1.24035,1.50,1.50
2012.07.18 23:55:58.079,1.24009,1.24035,1.50,2.25
2012.07.18 23:56:01.620,1.24009,1.24035,2.25,2.97
2012.07.18 23:56:31.430,1.24009,1.24035,2.25,2.25
2012.07.18 23:56:57.398,1.24009,1.24035,4.05,1.50
2012.07.18 23:56:57.729,1.24009,1.24035,1.50,2.25
2012.07.18 23:56:58.232,1.24006,1.24036,1.54,1.47
2012.07.18 23:56:58.611,1.24007,1.24036,1.54,1.47
2012.07.18 23:56:59.770,1.24012,1.24036,1.50,1.47
2012.07.18 23:57:05.554,1.24012,1.24033,1.50,1.50
2012.07.18 23:57:05.623,1.24007,1.24027,1.50,1.47
2012.07.18 23:57:05.689,1.24005,1.24027,2.25,1.50
2012.07.18 23:57:05.869,1.24001,1.24027,1.50,2.25
2012.07.18 23:57:23.940,1.24001,1.24027,1.50,2.31
2012.07.18 23:57:24.180,1.23995,1.24023,2.25,2.97
2012.07.18 23:57:38.296,1.23995,1.24023,3.00,2.25
2012.07.18 23:57:42.053,1.23995,1.24023,3.00,2.25
2012.07.18 23:57:42.611,1.23995,1.24023,1.50,2.25
2012.07.18 23:57:54.144,1.23995,1.24023,1.50,2.25
2012.07.18 23:58:05.419,1.23995,1.24023,1.54,2.25
2012.07.18 23:58:05.835,1.23995,1.24023,2.25,2.25
2012.07.18 23:58:05.900,1.23995,1.24023,2.29,2.25
2012.07.18 23:58:06.255,1.23995,1.24023,2.25,2.25
2012.07.18 23:58:06.376,1.23995,1.24023,1.50,2.25
2012.07.18 23:58:06.615,1.23995,1.24023,2.25,2.31
2012.07.18 23:58:06.980,1.23995,1.24023,2.25,3.02
2012.07.18 23:58:07.162,1.23995,1.24023,2.25,2.25
2012.07.18 23:58:07.400,1.23995,1.24023,1.50,2.25
2012.07.18 23:58:08.783,1.23995,1.24021,1.50,1.47
2012.07.18 23:58:24.349,1.23994,1.2402,1.86,1.47
2012.07.18 23:58:27.846,1.23994,1.24016,1.86,1.50
2012.07.18 23:58:28.081,1.23994,1.24019,4.11,1.50
2012.07.18 23:58:28.363,1.23994,1.24019,4.11,1.50
2012.07.18 23:58:31.582,1.23995,1.24019,1.50,1.50
2012.07.18 23:58:31.649,1.23998,1.24023,1.50,2.22
2012.07.18 23:58:31.960,1.23998,1.24023,1.50,2.27
2012.07.18 23:58:32.720,1.23998,1.24023,1.50,2.27
2012.07.18 23:58:33.369,1.23998,1.24022,1.50,1.47
2012.07.18 23:58:33.683,1.23994,1.24014,1.86,2.22
2012.07.18 23:58:33.867,1.23993,1.24019,2.61,1.50
2012.07.18 23:58:34.662,1.23994,1.24019,2.61,2.22
2012.07.18 23:58:51.456,1.23994,1.24019,2.61,2.22
2012.07.18 23:58:56.589,1.23994,1.24019,2.61,2.22
2012.07.18 23:58:58.969,1.23994,1.24019,2.61,2.22
2012.07.18 23:58:59.092,1.23997,1.24022,2.25,2.22
2012.07.18 23:59:02.740,1.23997,1.24022,2.25,2.22
2012.07.18 23:59:06.143,1.23997,1.2402,1.50,1.47
2012.07.18 23:59:12.722,1.23997,1.24021,1.50,1.47
2012.07.18 23:59:47.737,1.23997,1.24022,2.25,1.50
2012.07.18 23:59:48.283,1.24,1.24026,2.25,1.75
2012.07.18 23:59:50.449,1.24,1.24026,2.25,1.52
2012.07.18 23:59:52.578,1.24,1.24026,2.25,1.52
