2009.09.02 10:00:00.276,1.5696,1.57025,1.00,1.00
2009.09.02 10:00:00.966,1.5696,1.5702,1.00,1.00
2009.09.02 10:00:04.415,1.56965,1.57025,1.00,1.00
2009.09.02 10:00:08.364,1.56955,1.57015,1.00,1.00
2009.09.02 10:00:13.373,1.56965,1.5703,1.00,1.00
2009.09.02 10:00:16.262,1.5696,1.5703,1.00,1.00
2009.09.02 10:00:16.782,1.56965,1.57025,1.00,1.00
2009.09.02 10:00:17.132,1.56975,1.57025,1.00,1.00
2009.09.02 10:00:17.492,1.5695,1.57015,8.80,1.00
2009.09.02 10:00:18.062,1.5695,1.57015,1.00,1.00
2009.09.02 10:00:20.241,1.56965,1.57015,1.00,1.00
2009.09.02 10:00:20.461,1.5696,1.57025,1.00,1.00
2009.09.02 10:00:20.641,1.5696,1.5702,1.00,1.00
2009.09.02 10:00:21.441,1.56955,1.57015,1.00,1.00
2009.09.02 10:00:27.419,1.5695,1.5701,1.00,1.00
2009.09.02 10:00:28.439,1.56955,1.5701,1.00,1.00
2009.09.02 10:00:28.729,1.5695,1.5701,1.00,1.00
2009.09.02 10:00:36.477,1.56955,1.5701,1.00,1.00
2009.09.02 10:00:36.587,1.5695,1.5701,1.00,1.00
2009.09.02 10:00:36.877,1.56945,1.5701,1.00,1.00
2009.09.02 10:00:37.547,1.5695,1.5701,1.00,1.00
2009.09.02 10:00:37.887,1.56945,1.5701,1.00,1.00
2009.09.02 10:00:44.205,1.56965,1.5702,1.00,1.00
2009.09.02 10:00:45.865,1.56965,1.5702,2.40,1.00
2009.09.02 10:00:45.975,1.56965,1.5701,2.40,1.00
2009.09.02 10:00:46.195,1.5698,1.5701,1.00,1.00
2009.09.02 10:00:46.425,1.5698,1.5702,1.00,1.00
2009.09.02 10:00:47.924,1.5698,1.57025,1.00,1.00
2009.09.02 10:00:50.944,1.56975,1.57025,1.60,1.00
2009.09.02 10:00:51.064,1.5697,1.5702,2.40,1.00
2009.09.02 10:00:52.323,1.5697,1.5702,7.60,1.00
2009.09.02 10:00:52.713,1.56975,1.57025,2.60,1.00
2009.09.02 10:00:53.053,1.56975,1.5702,1.00,1.00
2009.09.02 10:00:53.583,1.5697,1.5702,2.40,1.00
2009.09.02 10:00:54.143,1.56975,1.57025,2.60,1.00
2009.09.02 10:00:54.482,1.56975,1.5702,1.00,1.00
2009.09.02 10:00:54.812,1.56975,1.57015,1.00,1.00
2009.09.02 10:00:55.222,1.56965,1.57015,2.40,1.00
2009.09.02 10:00:55.392,1.56965,1.57015,1.60,1.00
2009.09.02 10:00:56.882,1.56965,1.5701,1.60,1.00
2009.09.02 10:00:58.092,1.56965,1.57005,1.60,1.00
2009.09.02 10:00:59.082,1.5696,1.57005,1.00,1.00
2009.09.02 10:00:59.261,1.56955,1.56995,1.60,1.00
2009.09.02 10:01:00.941,1.56955,1.5699,1.60,1.00
2009.09.02 10:01:10.879,1.5696,1.5699,1.00,1.00
2009.09.02 10:01:10.999,1.56965,1.57,1.60,1.00
2009.09.02 10:01:11.559,1.5697,1.5701,1.60,1.00
2009.09.02 10:01:15.348,1.56965,1.57,2.40,1.00
2009.09.02 10:01:15.618,1.56965,1.57,1.60,1.00
2009.09.02 10:01:15.907,1.56965,1.56995,1.60,1.00
2009.09.02 10:01:16.187,1.5694,1.56995,1.00,1.00
2009.09.02 10:01:25.265,1.5694,1.56995,1.60,1.00
2009.09.02 10:01:25.615,1.56935,1.56995,1.60,1.80
2009.09.02 10:01:26.795,1.56935,1.5699,1.60,1.00
2009.09.02 10:01:28.275,1.56935,1.56985,1.60,1.00
2009.09.02 10:01:28.974,1.56935,1.5698,1.60,1.00
2009.09.02 10:01:29.844,1.56935,1.56975,1.60,1.00
2009.09.02 10:01:30.244,1.56945,1.56985,2.40,1.00
2009.09.02 10:01:31.094,1.56945,1.56985,1.60,1.00
2009.09.02 10:01:32.663,1.5694,1.5697,1.60,1.00
2009.09.02 10:01:33.004,1.56935,1.5697,1.60,1.00
2009.09.02 10:01:35.923,1.56935,1.5698,1.60,1.00
2009.09.02 10:01:36.802,1.56935,1.5697,1.60,1.00
2009.09.02 10:01:41.831,1.56935,1.5698,1.60,1.00
2009.09.02 10:01:43.721,1.5694,1.5698,1.60,1.00
2009.09.02 10:01:44.351,1.56945,1.5698,2.40,1.00
2009.09.02 10:01:44.520,1.5694,1.5698,1.60,1.00
2009.09.02 10:01:46.860,1.5693,1.5698,9.00,1.00
2009.09.02 10:01:47.080,1.5693,1.5698,3.20,1.00
2009.09.02 10:01:47.380,1.56925,1.56965,1.60,1.00
2009.09.02 10:01:48.700,1.5692,1.5696,1.00,1.00
2009.09.02 10:01:48.979,1.5692,1.56955,1.00,1.00
2009.09.02 10:01:49.210,1.5691,1.56955,2.40,1.00
2009.09.02 10:01:52.139,1.56925,1.5696,1.60,1.00
2009.09.02 10:01:54.518,1.5693,1.5697,1.60,1.00
2009.09.02 10:01:56.318,1.5693,1.5698,1.60,1.00
2009.09.02 10:01:56.558,1.5693,1.5697,1.60,1.00
2009.09.02 10:01:57.938,1.5693,1.5698,1.60,1.00
2009.09.02 10:01:58.277,1.5693,1.5697,1.60,1.00
2009.09.02 10:01:58.627,1.5693,1.5698,1.60,1.00
2009.09.02 10:01:58.747,1.5693,1.5698,2.40,1.00
2009.09.02 10:01:58.907,1.56935,1.5697,1.60,1.00
2009.09.02 10:01:59.067,1.56935,1.5698,1.60,1.00
2009.09.02 10:01:59.587,1.56935,1.5697,1.60,1.00
2009.09.02 10:02:00.047,1.5693,1.5698,1.60,1.00
2009.09.02 10:02:00.447,1.56935,1.5698,1.60,1.00
2009.09.02 10:02:00.807,1.56935,1.5697,1.60,1.00
2009.09.02 10:02:01.267,1.5693,1.5697,5.00,1.00
2009.09.02 10:02:01.687,1.56925,1.5698,1.80,1.00
2009.09.02 10:02:02.036,1.56925,1.56965,1.60,1.00
2009.09.02 10:02:02.706,1.56925,1.56975,2.40,1.00
2009.09.02 10:02:03.066,1.56935,1.5697,1.60,1.00
2009.09.02 10:02:05.446,1.5694,1.56975,1.60,1.00
2009.09.02 10:02:05.786,1.5694,1.56975,3.20,1.00
2009.09.02 10:02:06.975,1.5694,1.5698,3.20,1.00
2009.09.02 10:02:08.305,1.56935,1.5697,1.60,1.00
2009.09.02 10:02:09.494,1.56935,1.5698,1.60,1.00
2009.09.02 10:02:09.835,1.56935,1.5697,1.60,1.00
2009.09.02 10:02:10.424,1.5694,1.5697,3.20,1.00
2009.09.02 10:02:10.755,1.5694,1.5698,3.20,1.00
2009.09.02 10:02:11.134,1.5694,1.5697,3.20,1.00
2009.09.02 10:02:11.364,1.5694,1.5697,1.60,1.00
2009.09.02 10:02:11.544,1.56935,1.5697,1.60,1.00
2009.09.02 10:02:13.634,1.56935,1.5698,1.60,1.00
2009.09.02 10:02:14.263,1.56935,1.5697,1.60,1.00
2009.09.02 10:02:14.843,1.5694,1.5698,1.60,1.00
2009.09.02 10:02:15.183,1.5695,1.5698,1.60,1.00
2009.09.02 10:02:15.703,1.56935,1.5697,8.00,1.00
2009.09.02 10:02:15.883,1.56935,1.5697,1.60,1.00
2009.09.02 10:02:17.413,1.56935,1.5698,1.60,1.00
2009.09.02 10:02:17.753,1.56935,1.5697,1.60,1.00
2009.09.02 10:02:18.043,1.56935,1.5698,1.60,1.00
2009.09.02 10:02:18.332,1.56935,1.5697,1.60,1.00
2009.09.02 10:02:19.012,1.56935,1.5698,1.60,1.00
2009.09.02 10:02:20.022,1.5694,1.5698,1.60,1.00
2009.09.02 10:02:20.892,1.56935,1.5698,1.60,1.00
2009.09.02 10:02:21.062,1.56935,1.5697,1.60,1.00
2009.09.02 10:02:21.242,1.5694,1.5697,1.60,1.00
2009.09.02 10:02:21.402,1.5694,1.5698,1.60,1.00
2009.09.02 10:02:21.622,1.5694,1.5697,1.60,1.00
2009.09.02 10:02:22.642,1.56925,1.5698,2.40,1.00
2009.09.02 10:02:23.171,1.56925,1.5697,2.40,1.00
2009.09.02 10:02:23.521,1.56925,1.5698,2.40,1.00
2009.09.02 10:02:24.271,1.56925,1.5697,2.40,1.00
2009.09.02 10:02:24.451,1.5694,1.5698,1.60,1.00
2009.09.02 10:02:25.041,1.5694,1.56975,1.60,1.00
2009.09.02 10:02:25.381,1.5694,1.5698,1.60,1.00
2009.09.02 10:02:25.721,1.5694,1.5697,1.60,1.00
2009.09.02 10:02:25.890,1.5694,1.5698,1.60,1.00
2009.09.02 10:02:26.171,1.5694,1.5697,1.60,1.00
2009.09.02 10:02:28.030,1.5694,1.5698,1.60,1.00
2009.09.02 10:02:28.320,1.5694,1.5697,1.60,1.00
2009.09.02 10:02:28.560,1.5694,1.5698,1.60,1.00
2009.09.02 10:02:28.840,1.5694,1.5697,1.60,1.00
2009.09.02 10:02:29.570,1.5694,1.5698,1.60,1.00
2009.09.02 10:02:32.569,1.5694,1.5698,1.60,1.00
2009.09.02 10:02:33.249,1.5694,1.5697,1.60,1.00
2009.09.02 10:02:33.549,1.5694,1.5698,1.60,1.00
2009.09.02 10:02:35.738,1.56945,1.5698,1.60,1.00
2009.09.02 10:02:38.238,1.5695,1.5698,1.60,1.00
2009.09.02 10:02:39.428,1.56935,1.5698,1.60,1.00
2009.09.02 10:02:40.357,1.56935,1.5697,1.60,1.00
2009.09.02 10:02:41.797,1.5693,1.5697,1.80,1.00
2009.09.02 10:02:42.017,1.5693,1.5697,1.60,1.00
2009.09.02 10:02:43.017,1.56935,1.5697,1.60,1.00
2009.09.02 10:02:47.046,1.5693,1.5697,1.60,1.00
2009.09.02 10:02:55.435,1.56925,1.5696,1.60,1.00
2009.09.02 10:02:56.953,1.56925,1.5696,2.40,1.00
2009.09.02 10:02:57.293,1.5693,1.5697,1.60,1.00
2009.09.02 10:03:18.629,1.5693,1.5697,1.00,1.00
2009.09.02 10:03:19.028,1.56945,1.5698,1.60,1.00
2009.09.02 10:03:20.067,1.5695,1.5698,2.40,1.00
2009.09.02 10:03:20.407,1.56955,1.57005,1.60,1.00
2009.09.02 10:03:22.607,1.5695,1.56985,1.60,1.00
2009.09.02 10:03:22.967,1.5695,1.57005,1.60,1.70
2009.09.02 10:03:23.317,1.5695,1.56985,1.60,1.00
2009.09.02 10:03:25.046,1.56935,1.5697,1.60,1.00
2009.09.02 10:03:25.436,1.5693,1.5698,1.60,1.00
2009.09.02 10:03:25.776,1.56935,1.5698,1.60,1.00
2009.09.02 10:03:26.126,1.5694,1.5698,1.60,1.00
2009.09.02 10:03:30.015,1.5694,1.5698,2.40,1.00
2009.09.02 10:03:30.065,1.5694,1.5698,2.60,1.00
2009.09.02 10:03:30.395,1.5695,1.5698,1.60,1.00
2009.09.02 10:03:31.755,1.5694,1.5697,1.60,1.00
2009.09.02 10:03:32.025,1.5694,1.5698,1.60,1.00
2009.09.02 10:03:53.330,1.56935,1.5697,1.60,1.00
2009.09.02 10:03:53.720,1.5694,1.5697,1.60,1.00
2009.09.02 10:03:54.050,1.5694,1.5698,1.60,1.00
2009.09.02 10:03:54.509,1.56945,1.5698,1.60,1.00
2009.09.02 10:03:54.810,1.5694,1.5698,3.20,1.00
2009.09.02 10:03:55.159,1.56945,1.5698,1.60,1.00
2009.09.02 10:03:55.509,1.5696,1.56995,1.60,1.00
2009.09.02 10:03:57.918,1.56955,1.56995,1.60,1.00
2009.09.02 10:03:58.249,1.5696,1.56995,1.60,1.00
2009.09.02 10:04:00.438,1.56965,1.56995,1.60,1.00
2009.09.02 10:04:25.222,1.5696,1.56995,1.60,1.00
2009.09.02 10:04:26.961,1.5696,1.5699,1.60,1.00
2009.09.02 10:04:27.931,1.5696,1.56985,1.60,1.00
2009.09.02 10:04:30.651,1.5696,1.5698,1.60,1.00
2009.09.02 10:04:41.408,1.5695,1.5698,3.40,1.00
2009.09.02 10:04:41.468,1.5695,1.5698,1.60,1.00
2009.09.02 10:04:54.185,1.5696,1.5698,1.60,1.00
2009.09.02 10:04:58.064,1.5695,1.5698,1.80,1.00
2009.09.02 10:04:58.394,1.5695,1.5698,1.60,1.00
2009.09.02 10:05:24.368,1.56955,1.5698,1.60,1.00
2009.09.02 10:05:24.478,1.5696,1.5698,1.60,1.00
2009.09.02 10:05:24.658,1.56965,1.56995,1.60,1.00
2009.09.02 10:05:27.667,1.5696,1.56995,1.60,1.00
2009.09.02 10:05:28.877,1.5696,1.5699,1.60,1.00
2009.09.02 10:05:29.837,1.5696,1.56985,1.60,1.00
2009.09.02 10:05:30.816,1.56965,1.56985,1.60,1.00
2009.09.02 10:05:30.986,1.56965,1.56995,1.60,1.00
2009.09.02 10:05:32.216,1.5697,1.56995,1.60,1.00
2009.09.02 10:05:32.916,1.5697,1.5699,1.60,1.00
2009.09.02 10:05:57.870,1.56975,1.57,1.60,1.00
2009.09.02 10:05:58.090,1.5697,1.5699,1.60,1.00
2009.09.02 10:05:58.680,1.56975,1.57005,1.60,1.00
2009.09.02 10:05:59.239,1.56975,1.56995,1.60,1.00
2009.09.02 10:05:59.599,1.5693,1.56985,6.80,2.40
2009.09.02 10:05:59.939,1.56915,1.56985,2.40,1.60
2009.09.02 10:06:00.229,1.5692,1.56985,1.60,1.00
2009.09.02 10:06:00.849,1.56925,1.56985,1.60,1.00
2009.09.02 10:06:01.429,1.56925,1.56985,1.60,1.00
2009.09.02 10:06:01.609,1.56925,1.56975,1.60,1.00
2009.09.02 10:06:01.719,1.5692,1.56975,1.60,1.00
2009.09.02 10:06:01.879,1.5692,1.5697,1.60,1.00
2009.09.02 10:06:03.709,1.5692,1.56965,1.60,1.00
2009.09.02 10:06:04.798,1.5692,1.56965,2.40,1.00
2009.09.02 10:06:04.908,1.5692,1.56975,2.60,1.00
2009.09.02 10:06:05.018,1.56935,1.56975,1.60,1.00
2009.09.02 10:06:05.488,1.56935,1.5697,1.60,1.00
2009.09.02 10:06:05.838,1.56935,1.56975,1.60,1.00
2009.09.02 10:06:06.978,1.56935,1.56965,1.60,1.00
2009.09.02 10:06:07.328,1.56935,1.5697,1.60,1.00
2009.09.02 10:06:08.577,1.5693,1.5697,1.60,1.00
2009.09.02 10:06:13.626,1.5692,1.5696,4.80,1.00
2009.09.02 10:06:13.976,1.5692,1.5696,1.60,1.00
2009.09.02 10:06:15.396,1.5692,1.5697,1.60,1.00
2009.09.02 10:06:15.916,1.56925,1.5697,1.60,1.00
2009.09.02 10:06:18.385,1.5692,1.5696,1.60,1.00
2009.09.02 10:06:18.715,1.5692,1.5697,1.60,1.00
2009.09.02 10:06:19.065,1.56925,1.5697,1.60,1.00
2009.09.02 10:06:19.455,1.56925,1.5696,1.60,1.00
2009.09.02 10:06:19.625,1.5692,1.5696,1.60,1.00
2009.09.02 10:06:24.744,1.56925,1.5696,1.60,1.00
2009.09.02 10:06:24.863,1.56925,1.5697,1.60,1.00
2009.09.02 10:06:33.881,1.56925,1.56965,1.60,1.00
2009.09.02 10:06:38.060,1.5693,1.5697,1.60,1.00
2009.09.02 10:06:50.897,1.56925,1.56965,1.60,1.00
2009.09.02 10:06:56.616,1.56925,1.5697,1.60,1.00
2009.09.02 10:06:58.625,1.5693,1.5697,1.00,1.00
2009.09.02 10:06:58.905,1.5693,1.56995,2.40,1.00
2009.09.02 10:07:10.012,1.56925,1.56985,2.40,1.00
2009.09.02 10:07:13.421,1.56925,1.5698,2.40,1.00
2009.09.02 10:07:13.601,1.56925,1.5698,1.60,1.00
2009.09.02 10:07:14.811,1.56925,1.56975,1.60,1.00
2009.09.02 10:07:16.791,1.56925,1.5697,1.60,1.00
2009.09.02 10:07:19.920,1.56925,1.56965,1.60,1.00
2009.09.02 10:07:25.489,1.5693,1.56965,1.60,1.00
2009.09.02 10:07:25.848,1.5693,1.5697,1.60,1.00
2009.09.02 10:07:30.128,1.56935,1.5698,1.60,1.00
2009.09.02 10:07:30.358,1.5693,1.5697,1.60,1.00
2009.09.02 10:07:31.447,1.5693,1.5697,2.40,1.00
2009.09.02 10:07:31.567,1.56935,1.5698,1.60,1.00
2009.09.02 10:07:44.754,1.5694,1.5698,1.60,1.00
2009.09.02 10:07:55.951,1.5694,1.5698,2.40,1.00
2009.09.02 10:07:56.011,1.56945,1.5698,1.60,1.00
2009.09.02 10:07:56.121,1.56945,1.5699,1.60,1.00
2009.09.02 10:07:57.371,1.5694,1.5698,2.40,1.00
2009.09.02 10:07:58.051,1.5694,1.5698,1.60,1.00
2009.09.02 10:07:58.761,1.5694,1.5698,2.40,1.00
2009.09.02 10:07:59.271,1.56955,1.5699,1.60,1.00
2009.09.02 10:08:04.430,1.56965,1.5699,1.60,1.00
2009.09.02 10:08:04.779,1.56965,1.57005,1.60,1.70
2009.09.02 10:08:05.829,1.56975,1.57015,2.40,1.00
2009.09.02 10:08:06.159,1.56975,1.57015,1.60,1.00
2009.09.02 10:08:06.849,1.56965,1.57015,2.40,1.00
2009.09.02 10:08:07.029,1.5697,1.57015,2.40,1.00
2009.09.02 10:08:07.249,1.56965,1.57005,1.60,1.70
2009.09.02 10:08:07.429,1.5697,1.5702,2.40,1.70
2009.09.02 10:08:07.659,1.56975,1.5702,1.60,1.60
2009.09.02 10:08:08.009,1.56985,1.57015,1.60,1.00
2009.09.02 10:08:08.349,1.56975,1.5702,1.80,1.60
2009.09.02 10:08:08.688,1.56975,1.57015,1.60,1.00
2009.09.02 10:08:09.018,1.5697,1.57015,1.60,1.00
2009.09.02 10:08:09.748,1.56975,1.5702,1.80,1.60
2009.09.02 10:08:09.928,1.5697,1.57015,2.40,1.00
2009.09.02 10:08:10.578,1.56965,1.57005,2.40,1.00
2009.09.02 10:08:10.748,1.56975,1.57005,1.60,1.60
2009.09.02 10:08:11.098,1.56975,1.57015,1.60,1.00
2009.09.02 10:08:14.567,1.5697,1.57015,1.60,1.00
2009.09.02 10:08:16.666,1.5697,1.57005,1.60,1.60
2009.09.02 10:08:16.896,1.56965,1.57005,1.60,1.60
2009.09.02 10:08:17.396,1.56965,1.57005,1.60,1.70
2009.09.02 10:08:19.076,1.56965,1.57005,1.60,1.00
2009.09.02 10:08:20.236,1.56965,1.57015,2.40,1.00
2009.09.02 10:08:28.913,1.56965,1.57015,1.60,1.00
2009.09.02 10:08:29.323,1.56965,1.57015,2.40,1.00
2009.09.02 10:08:29.553,1.56965,1.57015,1.60,1.00
2009.09.02 10:08:35.482,1.56965,1.57015,2.40,1.00
2009.09.02 10:08:37.281,1.56965,1.57005,2.40,1.60
2009.09.02 10:08:37.582,1.5697,1.57005,2.40,1.60
2009.09.02 10:08:37.881,1.56975,1.5702,2.40,1.60
2009.09.02 10:08:38.211,1.56975,1.5702,1.60,1.60
2009.09.02 10:08:38.561,1.5697,1.5702,2.40,1.60
2009.09.02 10:08:40.831,1.56975,1.5702,1.60,1.60
2009.09.02 10:08:41.580,1.5697,1.5702,2.40,1.60
2009.09.02 10:08:42.150,1.56975,1.5702,1.00,1.60
2009.09.02 10:08:42.850,1.56975,1.5702,2.40,1.60
2009.09.02 10:08:43.190,1.56985,1.5702,1.00,1.60
2009.09.02 10:08:47.099,1.5698,1.5702,1.00,1.60
2009.09.02 10:08:47.539,1.5697,1.5702,2.40,1.60
2009.09.02 10:08:49.199,1.56975,1.57005,1.00,1.60
2009.09.02 10:08:49.589,1.5697,1.57005,1.00,1.60
2009.09.02 10:08:51.328,1.5697,1.56995,1.00,1.60
2009.09.02 10:08:51.668,1.56965,1.57005,2.40,1.70
2009.09.02 10:08:51.788,1.56965,1.57005,2.40,1.60
2009.09.02 10:08:51.948,1.56975,1.57005,1.00,1.60
2009.09.02 10:08:52.168,1.5697,1.57005,1.00,1.60
2009.09.02 10:08:55.697,1.56965,1.57005,1.00,1.60
2009.09.02 10:08:57.657,1.56965,1.56995,1.00,1.60
2009.09.02 10:08:57.997,1.5696,1.56995,1.00,1.60
2009.09.02 10:09:03.735,1.5696,1.56985,1.00,1.60
2009.09.02 10:09:04.025,1.5695,1.56985,1.00,1.60
2009.09.02 10:09:07.724,1.5695,1.56995,2.40,1.60
2009.09.02 10:09:08.004,1.56955,1.56995,1.00,1.60
2009.09.02 10:09:19.041,1.56955,1.56995,1.60,1.60
2009.09.02 10:09:20.091,1.56955,1.56995,2.40,1.60
2009.09.02 10:09:20.941,1.56955,1.56995,1.60,1.60
2009.09.02 10:09:21.691,1.56955,1.56995,2.40,1.60
2009.09.02 10:09:24.430,1.56955,1.56995,1.60,1.60
2009.09.02 10:09:27.539,1.5695,1.56985,1.60,1.60
2009.09.02 10:09:27.699,1.5695,1.56995,1.60,1.00
2009.09.02 10:09:27.920,1.56955,1.57005,1.60,1.00
2009.09.02 10:09:28.099,1.5695,1.57005,1.00,1.00
2009.09.02 10:09:32.698,1.5695,1.5701,7.60,1.00
2009.09.02 10:09:32.978,1.56955,1.5701,1.00,1.00
2009.09.02 10:09:36.127,1.56955,1.57005,1.00,1.00
2009.09.02 10:09:36.467,1.56955,1.5701,1.00,1.00
2009.09.02 10:09:36.807,1.5695,1.57,2.40,1.00
2009.09.02 10:09:37.167,1.56955,1.57015,1.00,1.00
2009.09.02 10:09:40.526,1.56945,1.5701,6.00,1.00
2009.09.02 10:09:40.796,1.56945,1.57005,1.60,1.00
2009.09.02 10:09:41.026,1.56945,1.57005,1.00,1.00
2009.09.02 10:09:41.316,1.56945,1.57,1.00,1.00
2009.09.02 10:09:42.626,1.5695,1.57,1.00,1.00
2009.09.02 10:09:43.975,1.5695,1.57005,1.00,1.00
2009.09.02 10:09:46.775,1.5694,1.57005,4.00,1.00
2009.09.02 10:09:46.945,1.5695,1.57005,6.00,1.00
2009.09.02 10:09:47.774,1.56955,1.57005,1.00,1.00
2009.09.02 10:09:48.114,1.56955,1.57015,1.00,1.00
2009.09.02 10:09:51.433,1.56955,1.57015,1.00,1.00
2009.09.02 10:09:51.773,1.56955,1.57015,1.00,1.00
2009.09.02 10:09:53.283,1.56945,1.57005,1.00,1.00
2009.09.02 10:09:53.633,1.56945,1.57005,1.00,1.00
2009.09.02 10:09:54.613,1.5694,1.57005,1.00,1.00
2009.09.02 10:09:54.903,1.5694,1.56995,1.00,1.00
2009.09.02 10:09:56.912,1.56935,1.5699,1.00,1.00
2009.09.02 10:09:57.442,1.56925,1.5699,18.20,1.00
2009.09.02 10:09:57.612,1.56935,1.5699,1.60,1.00
2009.09.02 10:09:58.952,1.56935,1.56985,1.60,1.00
2009.09.02 10:09:59.772,1.5693,1.56985,1.60,1.00
2009.09.02 10:10:00.681,1.5693,1.56985,2.40,1.00
2009.09.02 10:10:00.971,1.56935,1.56985,1.60,1.00
2009.09.02 10:10:02.421,1.56935,1.56975,1.60,1.00
2009.09.02 10:10:02.881,1.56925,1.56975,2.40,1.00
2009.09.02 10:10:03.231,1.56925,1.56975,1.60,1.00
2009.09.02 10:10:03.631,1.56925,1.56985,1.00,1.00
2009.09.02 10:10:03.981,1.5693,1.56985,1.60,1.00
2009.09.02 10:10:06.180,1.56925,1.56975,1.60,1.00
2009.09.02 10:10:07.380,1.56915,1.56965,2.40,1.00
2009.09.02 10:10:07.920,1.5691,1.56965,1.60,1.00
2009.09.02 10:10:08.949,1.5691,1.5696,1.60,1.00
2009.09.02 10:10:09.809,1.5691,1.56955,1.60,1.00
2009.09.02 10:10:11.969,1.5691,1.56965,1.60,1.00
2009.09.02 10:10:12.029,1.5693,1.56965,1.60,1.00
2009.09.02 10:10:12.148,1.5693,1.56965,3.20,1.00
2009.09.02 10:10:12.258,1.5693,1.56965,1.60,1.00
2009.09.02 10:10:12.549,1.5693,1.56965,3.20,1.00
2009.09.02 10:10:12.669,1.5693,1.5697,3.20,1.00
2009.09.02 10:10:13.028,1.56935,1.5697,1.60,1.00
2009.09.02 10:10:15.178,1.56945,1.57005,1.60,3.30
2009.09.02 10:10:15.528,1.56965,1.5701,1.60,1.00
2009.09.02 10:10:15.888,1.5697,1.57015,3.20,1.00
2009.09.02 10:10:16.228,1.56955,1.5701,1.60,1.00
2009.09.02 10:10:19.687,1.56965,1.56995,1.60,1.00
2009.09.02 10:10:20.417,1.5696,1.56995,1.60,1.00
2009.09.02 10:10:20.917,1.5695,1.56995,3.20,1.00
2009.09.02 10:10:21.146,1.5695,1.56995,4.80,1.00
2009.09.02 10:10:21.486,1.5695,1.56995,3.20,1.00
2009.09.02 10:10:21.826,1.5695,1.5699,3.20,1.00
2009.09.02 10:10:22.876,1.56955,1.56985,4.80,1.00
2009.09.02 10:10:24.915,1.56955,1.5698,4.80,1.00
2009.09.02 10:10:25.215,1.5696,1.5698,1.60,1.00
2009.09.02 10:10:25.515,1.5696,1.5698,6.80,1.00
2009.09.02 10:10:25.735,1.5696,1.5698,5.20,1.00
2009.09.02 10:10:26.025,1.5696,1.56985,5.20,1.00
2009.09.02 10:10:27.335,1.56965,1.56985,1.60,1.00
2009.09.02 10:10:30.864,1.5696,1.56985,5.20,1.00
2009.09.02 10:10:31.214,1.56965,1.56985,3.20,1.00
2009.09.02 10:10:33.044,1.5696,1.56985,4.80,1.00
2009.09.02 10:10:33.394,1.5696,1.56985,6.40,1.00
2009.09.02 10:10:33.743,1.5696,1.56985,6.80,1.00
2009.09.02 10:10:52.379,1.5698,1.57005,6.40,1.00
2009.09.02 10:10:55.188,1.5698,1.57005,9.60,1.00
2009.09.02 10:10:55.308,1.56985,1.57005,3.20,1.00
2009.09.02 10:10:55.718,1.5698,1.57005,9.60,1.00
2009.09.02 10:10:55.948,1.5698,1.57005,6.40,1.00
2009.09.02 10:11:01.097,1.5698,1.57,3.20,1.00
2009.09.02 10:11:01.377,1.56965,1.57,1.60,1.00
2009.09.02 10:11:05.016,1.56965,1.56995,1.60,1.00
2009.09.02 10:11:08.425,1.5697,1.5701,1.60,1.00
2009.09.02 10:11:39.618,1.56955,1.56995,1.60,1.00
2009.09.02 10:11:44.546,1.56955,1.56995,1.60,1.00
2009.09.02 10:11:45.226,1.5695,1.5699,1.60,1.00
2009.09.02 10:11:45.626,1.5694,1.5699,2.40,1.00
2009.09.02 10:11:46.516,1.56955,1.56995,1.60,1.00
2009.09.02 10:11:46.746,1.5695,1.56995,1.60,1.00
2009.09.02 10:11:47.166,1.56945,1.56985,1.60,1.00
2009.09.02 10:11:47.696,1.5694,1.56985,1.60,1.00
2009.09.02 10:11:50.655,1.56945,1.56985,1.60,1.00
2009.09.02 10:11:54.324,1.5694,1.56985,1.60,1.00
2009.09.02 10:12:00.373,1.5694,1.56975,1.60,1.00
2009.09.02 10:12:00.722,1.56925,1.5698,1.00,1.00
2009.09.02 10:12:02.082,1.5692,1.5698,1.00,1.00
2009.09.02 10:12:03.742,1.5692,1.56975,1.00,1.00
2009.09.02 10:12:04.262,1.56925,1.56975,1.00,1.00
2009.09.02 10:12:07.701,1.5692,1.56975,1.00,1.00
2009.09.02 10:12:08.041,1.56935,1.56975,1.00,1.00
2009.09.02 10:12:08.151,1.5693,1.56975,1.00,1.00
2009.09.02 10:12:08.501,1.5693,1.5699,1.00,1.00
2009.09.02 10:12:11.070,1.56935,1.5699,1.00,1.00
2009.09.02 10:12:11.340,1.5693,1.5699,1.80,1.00
2009.09.02 10:12:11.460,1.56925,1.56985,1.00,1.00
2009.09.02 10:12:11.580,1.56925,1.56985,1.60,1.00
2009.09.02 10:12:12.110,1.56925,1.56985,1.00,1.00
2009.09.02 10:12:15.049,1.56925,1.56975,1.00,1.00
2009.09.02 10:12:18.258,1.5692,1.56975,1.00,1.00
2009.09.02 10:12:19.248,1.56925,1.56975,1.00,1.00
2009.09.02 10:12:19.598,1.56935,1.5699,1.00,1.00
2009.09.02 10:12:31.995,1.56935,1.56995,1.00,1.00
2009.09.02 10:12:36.924,1.5694,1.57,1.00,1.00
2009.09.02 10:12:46.281,1.5694,1.57,6.00,1.00
2009.09.02 10:12:46.521,1.56955,1.57005,1.60,1.00
2009.09.02 10:12:47.141,1.5696,1.5701,1.60,1.00
2009.09.02 10:12:47.421,1.5696,1.57005,1.60,1.00
2009.09.02 10:12:47.541,1.5697,1.5701,1.60,1.00
2009.09.02 10:12:57.909,1.5697,1.5702,2.40,1.00
2009.09.02 10:13:04.357,1.5697,1.5702,1.60,1.00
2009.09.02 10:13:09.346,1.5697,1.5702,2.40,1.00
2009.09.02 10:13:09.736,1.5697,1.5702,1.60,1.00
2009.09.02 10:13:14.795,1.5696,1.5701,1.60,1.00
2009.09.02 10:13:15.025,1.56955,1.5701,1.60,1.00
2009.09.02 10:13:17.244,1.5696,1.5701,1.60,1.00
2009.09.02 10:13:17.484,1.56955,1.5701,1.60,1.00
2009.09.02 10:13:20.533,1.5695,1.57,2.40,1.00
2009.09.02 10:13:20.863,1.5695,1.57,1.60,1.00
2009.09.02 10:13:21.253,1.5695,1.57,2.40,1.00
2009.09.02 10:13:21.593,1.56955,1.5701,1.60,1.00
2009.09.02 10:13:28.172,1.5696,1.5701,1.60,1.00
2009.09.02 10:13:29.451,1.56975,1.57015,1.60,1.00
2009.09.02 10:13:29.751,1.5697,1.57015,1.60,1.00
2009.09.02 10:13:31.651,1.5698,1.5701,1.60,1.00
2009.09.02 10:13:33.300,1.5698,1.57015,1.60,1.00
2009.09.02 10:13:34.560,1.5697,1.57015,1.60,1.00
2009.09.02 10:13:36.080,1.5697,1.5701,1.60,1.00
2009.09.02 10:13:36.939,1.5697,1.57005,1.60,1.00
2009.09.02 10:13:39.779,1.5697,1.57,1.60,1.00
2009.09.02 10:13:41.778,1.56965,1.5699,2.40,1.00
2009.09.02 10:13:42.018,1.5697,1.5699,1.60,1.00
2009.09.02 10:13:42.238,1.5697,1.57,1.60,1.00
2009.09.02 10:13:50.266,1.5697,1.57,2.40,1.00
2009.09.02 10:13:50.376,1.5698,1.57005,1.60,1.00
2009.09.02 10:14:05.622,1.56975,1.57,1.60,1.00
2009.09.02 10:14:09.261,1.5698,1.57,1.60,1.00
2009.09.02 10:14:09.611,1.56985,1.5701,3.20,1.00
2009.09.02 10:14:10.282,1.5698,1.5701,1.80,1.00
2009.09.02 10:14:10.632,1.5698,1.5701,1.60,1.00
2009.09.02 10:14:11.931,1.5698,1.57005,1.60,1.00
2009.09.02 10:14:13.361,1.56975,1.57,3.20,1.00
2009.09.02 10:14:13.750,1.5698,1.5701,1.60,1.00
2009.09.02 10:14:15.040,1.5698,1.57005,1.60,1.00
2009.09.02 10:14:17.320,1.56985,1.5701,3.20,1.00
2009.09.02 10:14:25.548,1.56985,1.57005,1.60,1.00
2009.09.02 10:14:25.787,1.56985,1.57015,1.60,1.00
2009.09.02 10:14:31.726,1.56975,1.57015,1.80,1.00
2009.09.02 10:14:32.476,1.56975,1.57025,1.80,1.00
2009.09.02 10:14:32.536,1.5698,1.57025,1.00,1.00
2009.09.02 10:14:32.656,1.5698,1.57025,2.40,1.00
2009.09.02 10:14:32.766,1.5699,1.57025,1.60,1.00
2009.09.02 10:14:47.172,1.5699,1.57015,1.60,1.00
2009.09.02 10:14:47.522,1.56985,1.57015,1.60,1.00
2009.09.02 10:14:47.872,1.5699,1.57025,1.60,1.00
2009.09.02 10:14:52.261,1.5698,1.57025,4.20,1.00
2009.09.02 10:14:52.321,1.5698,1.57025,3.40,1.00
2009.09.02 10:14:53.801,1.5698,1.5702,3.40,1.00
2009.09.02 10:14:55.040,1.5698,1.57015,3.40,1.00
2009.09.02 10:14:55.211,1.5698,1.57015,1.80,1.00
2009.09.02 10:14:55.381,1.56975,1.57015,1.80,1.00
2009.09.02 10:14:56.660,1.56975,1.57015,2.60,1.00
2009.09.02 10:14:56.960,1.5698,1.57015,3.40,1.00
2009.09.02 10:14:57.840,1.56985,1.57015,1.00,1.00
2009.09.02 10:15:00.869,1.5699,1.57025,2.40,1.00
2009.09.02 10:15:05.838,1.56995,1.5703,2.40,1.00
2009.09.02 10:15:06.018,1.56995,1.5703,4.00,1.00
2009.09.02 10:15:08.837,1.56995,1.5703,4.20,1.00
2009.09.02 10:15:09.757,1.56995,1.57025,4.00,1.00
2009.09.02 10:15:11.867,1.57005,1.57025,3.20,1.00
2009.09.02 10:15:12.317,1.57015,1.57035,2.40,1.00
2009.09.02 10:15:12.606,1.5701,1.5704,1.00,1.00
2009.09.02 10:15:12.946,1.56995,1.5703,3.20,1.70
2009.09.02 10:15:13.276,1.56985,1.5702,3.60,1.60
2009.09.02 10:15:13.666,1.5694,1.57015,1.00,1.60
2009.09.02 10:15:14.006,1.56935,1.57015,2.40,1.60
2009.09.02 10:15:14.346,1.5693,1.5701,1.00,2.40
2009.09.02 10:15:14.696,1.56945,1.5701,1.00,6.80
2009.09.02 10:15:15.036,1.5692,1.56995,3.20,1.00
2009.09.02 10:15:15.426,1.5692,1.57,1.00,1.00
2009.09.02 10:15:15.596,1.5693,1.57005,1.00,6.40
2009.09.02 10:15:15.826,1.5693,1.57005,1.00,2.60
2009.09.02 10:15:16.046,1.5694,1.57,1.00,1.00
2009.09.02 10:15:16.215,1.5694,1.57005,1.00,1.00
2009.09.02 10:15:16.945,1.5694,1.57,1.00,1.00
2009.09.02 10:15:17.745,1.5694,1.56995,1.00,1.00
2009.09.02 10:15:18.375,1.5693,1.56985,1.00,1.00
2009.09.02 10:15:19.375,1.56935,1.56985,1.00,1.00
2009.09.02 10:15:23.884,1.56925,1.56985,1.00,1.00
2009.09.02 10:15:24.274,1.56925,1.56975,1.00,1.00
2009.09.02 10:15:25.963,1.5693,1.56985,1.00,1.00
2009.09.02 10:15:26.253,1.5693,1.56985,6.00,1.00
2009.09.02 10:15:26.543,1.5693,1.56985,1.00,1.00
2009.09.02 10:15:27.763,1.56935,1.56985,1.00,1.00
2009.09.02 10:15:28.752,1.56925,1.56985,1.00,1.00
2009.09.02 10:15:29.363,1.5692,1.56975,1.00,1.00
2009.09.02 10:15:36.011,1.56925,1.56975,1.00,1.00
2009.09.02 10:15:36.301,1.5693,1.5699,6.00,1.00
2009.09.02 10:15:41.049,1.56935,1.5699,1.00,1.00
2009.09.02 10:15:41.279,1.5693,1.56985,6.00,1.00
2009.09.02 10:15:41.519,1.5693,1.56995,1.00,1.00
2009.09.02 10:15:41.809,1.5693,1.56985,1.00,1.00
2009.09.02 10:15:54.887,1.5694,1.57,1.00,1.00
2009.09.02 10:15:55.296,1.56945,1.5701,1.00,1.00
2009.09.02 10:15:57.045,1.5694,1.5701,1.00,1.00
2009.09.02 10:15:57.786,1.5694,1.57005,1.00,1.00
2009.09.02 10:15:58.735,1.5694,1.57,1.00,1.00
2009.09.02 10:15:59.895,1.5694,1.57005,1.00,1.00
2009.09.02 10:16:01.814,1.5694,1.57,1.00,1.00
2009.09.02 10:16:11.502,1.56935,1.57,1.00,1.00
2009.09.02 10:16:11.562,1.56935,1.56995,1.00,1.00
2009.09.02 10:16:41.235,1.5693,1.56995,1.00,1.00
2009.09.02 10:16:41.295,1.5693,1.5699,1.00,1.00
2009.09.02 10:16:41.405,1.56935,1.5699,1.00,1.00
2009.09.02 10:16:41.855,1.56935,1.56995,1.00,1.00
2009.09.02 10:16:52.522,1.5693,1.5699,1.00,1.00
2009.09.02 10:16:52.872,1.5693,1.56995,1.00,1.00
2009.09.02 10:16:54.262,1.5693,1.5699,1.00,1.00
2009.09.02 10:16:59.291,1.5693,1.56995,1.00,1.00
2009.09.02 10:16:59.991,1.5694,1.56995,1.00,1.00
2009.09.02 10:17:00.271,1.5694,1.57,1.00,1.00
2009.09.02 10:17:00.500,1.5694,1.56995,1.00,1.00
2009.09.02 10:17:00.740,1.56935,1.56995,1.00,1.00
2009.09.02 10:17:09.948,1.56925,1.56995,1.00,1.00
2009.09.02 10:17:10.888,1.56925,1.5699,1.00,1.00
2009.09.02 10:17:11.928,1.56925,1.56985,1.00,1.00
2009.09.02 10:17:12.687,1.5692,1.5698,1.00,1.00
2009.09.02 10:17:15.137,1.5692,1.56985,1.00,1.00
2009.09.02 10:17:17.626,1.56925,1.56985,1.00,1.00
2009.09.02 10:17:21.725,1.56915,1.5698,1.60,5.30
2009.09.02 10:17:22.075,1.5691,1.5697,2.40,1.00
2009.09.02 10:17:22.425,1.56915,1.5698,1.60,1.00
2009.09.02 10:17:22.775,1.56915,1.56975,1.60,1.00
2009.09.02 10:17:23.825,1.56915,1.5697,1.60,1.00
2009.09.02 10:17:24.155,1.56915,1.56965,1.60,1.00
2009.09.02 10:17:24.844,1.5691,1.5696,1.60,1.00
2009.09.02 10:17:25.754,1.56915,1.56965,1.60,1.00
2009.09.02 10:17:27.934,1.56915,1.5697,1.60,1.00
2009.09.02 10:17:29.073,1.56915,1.56965,1.60,1.00
2009.09.02 10:17:29.993,1.5693,1.56965,2.40,1.00
2009.09.02 10:17:30.283,1.5692,1.56965,2.40,1.00
2009.09.02 10:17:30.973,1.5692,1.5697,1.00,1.00
2009.09.02 10:17:33.163,1.56915,1.5697,1.60,1.00
2009.09.02 10:17:33.282,1.56905,1.5697,14.20,1.00
2009.09.02 10:17:33.402,1.56905,1.5697,10.20,1.00
2009.09.02 10:17:33.523,1.56905,1.5697,9.40,1.00
2009.09.02 10:17:34.722,1.56905,1.56955,8.40,1.00
2009.09.02 10:17:35.302,1.56905,1.56955,9.20,1.00
2009.09.02 10:17:35.652,1.56905,1.56965,9.40,1.00
2009.09.02 10:17:35.992,1.56905,1.5696,9.40,1.00
2009.09.02 10:17:36.682,1.56905,1.5696,8.60,1.00
2009.09.02 10:17:37.032,1.56905,1.56955,9.40,1.00
2009.09.02 10:17:37.771,1.56905,1.5695,9.40,1.00
2009.09.02 10:17:38.971,1.56905,1.5695,2.60,1.00
2009.09.02 10:17:40.241,1.5692,1.56955,3.40,1.00
2009.09.02 10:17:40.591,1.56915,1.5695,1.00,1.00
2009.09.02 10:17:40.761,1.5691,1.5694,3.40,1.00
2009.09.02 10:17:46.049,1.56905,1.5694,1.80,1.00
2009.09.02 10:17:48.109,1.5691,1.5694,1.00,1.00
2009.09.02 10:17:48.469,1.5691,1.5694,3.40,1.00
2009.09.02 10:18:02.675,1.5691,1.5694,3.20,1.00
2009.09.02 10:18:05.095,1.5691,1.56935,1.60,1.00
2009.09.02 10:18:05.315,1.5691,1.5694,3.40,1.00
2009.09.02 10:18:05.605,1.5691,1.5694,3.20,1.00
2009.09.02 10:18:05.835,1.5691,1.5694,3.40,1.00
2009.09.02 10:18:06.185,1.5691,1.5694,3.20,1.00
2009.09.02 10:18:06.534,1.5691,1.5694,3.40,1.00
2009.09.02 10:18:06.884,1.5691,1.5694,9.80,1.00
2009.09.02 10:18:07.224,1.5691,1.5694,10.20,1.00
2009.09.02 10:18:08.504,1.5691,1.5694,6.60,1.00
2009.09.02 10:18:09.044,1.5691,1.5694,9.80,1.00
2009.09.02 10:18:09.404,1.56915,1.5695,1.60,1.00
2009.09.02 10:18:10.943,1.56915,1.5695,1.80,1.00
2009.09.02 10:18:11.523,1.5692,1.5695,3.20,1.00
2009.09.02 10:18:11.793,1.56925,1.56955,1.00,1.00
2009.09.02 10:18:12.243,1.5692,1.5695,3.20,1.00
2009.09.02 10:18:12.533,1.5691,1.5694,9.80,1.00
2009.09.02 10:18:32.448,1.5691,1.5693,8.00,1.00
2009.09.02 10:18:32.508,1.5691,1.5693,4.80,1.00
2009.09.02 10:18:32.659,1.5691,1.5693,3.20,1.00
2009.09.02 10:18:32.718,1.56905,1.5693,3.20,1.00
2009.09.02 10:18:39.677,1.569,1.56925,1.60,1.00
2009.09.02 10:18:40.406,1.569,1.5692,1.60,1.00
2009.09.02 10:18:41.386,1.569,1.56925,1.60,1.00
2009.09.02 10:18:41.746,1.569,1.5692,1.60,1.00
2009.09.02 10:18:42.806,1.569,1.56915,1.60,1.00
2009.09.02 10:18:43.206,1.569,1.56925,1.60,1.00
2009.09.02 10:18:43.435,1.569,1.56925,3.20,1.00
2009.09.02 10:18:44.216,1.569,1.5692,1.60,1.00
2009.09.02 10:18:44.565,1.5689,1.5692,1.80,1.00
2009.09.02 10:18:44.905,1.5689,1.5692,8.00,1.00
2009.09.02 10:18:45.245,1.56885,1.5692,4.80,1.00
2009.09.02 10:18:46.915,1.56885,1.56915,4.80,1.00
2009.09.02 10:18:49.394,1.5689,1.56925,2.80,1.00
2009.09.02 10:18:49.734,1.569,1.5693,3.40,1.00
2009.09.02 10:18:50.064,1.569,1.5693,1.80,1.00
2009.09.02 10:18:50.414,1.56895,1.5693,1.60,1.00
2009.09.02 10:18:51.874,1.56895,1.5693,1.80,1.00
2009.09.02 10:18:52.403,1.56895,1.5692,1.60,1.00
2009.09.02 10:18:52.673,1.5689,1.5692,6.50,1.00
2009.09.02 10:18:52.783,1.56885,1.5692,8.00,1.00
2009.09.02 10:18:53.713,1.56885,1.56915,8.00,1.00
2009.09.02 10:18:54.043,1.5689,1.56915,1.00,1.00
2009.09.02 10:18:54.443,1.5689,1.5692,8.60,1.00
2009.09.02 10:18:54.803,1.5689,1.5692,1.80,1.00
2009.09.02 10:18:58.062,1.56885,1.5692,4.80,1.00
2009.09.02 10:18:58.182,1.56885,1.5691,3.20,1.00
2009.09.02 10:18:58.992,1.5688,1.5691,6.90,1.00
2009.09.02 10:18:59.462,1.5688,1.5691,3.30,1.00
2009.09.02 10:18:59.822,1.5687,1.56905,4.80,1.00
2009.09.02 10:19:01.541,1.56875,1.56905,1.60,1.00
2009.09.02 10:19:03.531,1.56865,1.56905,1.60,1.00
2009.09.02 10:19:06.430,1.56865,1.56905,2.40,1.00
2009.09.02 10:19:06.490,1.56865,1.56915,2.60,1.00
2009.09.02 10:19:06.610,1.5687,1.56915,1.60,1.00
2009.09.02 10:19:06.660,1.56865,1.56915,1.80,1.00
2009.09.02 10:19:07.050,1.56865,1.56905,1.60,1.00
2009.09.02 10:19:07.430,1.5687,1.56915,1.60,1.00
2009.09.02 10:19:07.780,1.5687,1.56905,1.60,1.00
2009.09.02 10:19:07.950,1.5687,1.56915,1.60,1.00
2009.09.02 10:19:12.938,1.56875,1.56915,1.60,1.00
2009.09.02 10:19:13.329,1.56865,1.56905,1.60,1.00
2009.09.02 10:19:15.008,1.56855,1.56895,1.60,1.00
2009.09.02 10:19:15.818,1.5686,1.5691,1.60,1.00
2009.09.02 10:19:16.158,1.5686,1.5691,2.40,1.00
2009.09.02 10:19:16.328,1.5687,1.56915,1.60,1.00
2009.09.02 10:19:16.678,1.5686,1.5691,1.60,1.00
2009.09.02 10:19:19.417,1.5686,1.56905,1.60,1.00
2009.09.02 10:19:20.717,1.56865,1.56905,1.60,1.00
2009.09.02 10:19:21.067,1.5686,1.56905,1.60,1.00
2009.09.02 10:19:21.736,1.56865,1.56905,1.60,1.00
2009.09.02 10:19:27.395,1.5686,1.56905,1.60,1.00
2009.09.02 10:19:27.915,1.56865,1.56905,1.60,1.00
2009.09.02 10:19:28.785,1.5686,1.5691,1.60,1.00
2009.09.02 10:19:29.145,1.5687,1.56915,1.60,1.00
2009.09.02 10:19:29.485,1.56865,1.56905,1.60,1.00
2009.09.02 10:19:30.574,1.56865,1.56915,1.60,1.00
2009.09.02 10:19:30.874,1.56865,1.56905,1.60,1.00
2009.09.02 10:19:32.884,1.5686,1.56905,1.60,1.00
2009.09.02 10:19:34.823,1.56865,1.56905,1.60,1.00
2009.09.02 10:19:35.163,1.56855,1.56895,4.80,1.00
2009.09.02 10:19:35.523,1.56855,1.56895,1.60,1.00
2009.09.02 10:19:40.002,1.5686,1.5691,1.60,1.00
2009.09.02 10:19:40.242,1.56845,1.5689,8.40,1.00
2009.09.02 10:19:40.522,1.5685,1.5689,2.40,1.00
2009.09.02 10:19:40.812,1.56855,1.56905,1.60,1.00
2009.09.02 10:19:41.112,1.56865,1.56915,1.60,1.00
2009.09.02 10:19:41.452,1.5687,1.56905,1.60,1.00
2009.09.02 10:19:41.811,1.56865,1.56905,2.40,1.00
2009.09.02 10:19:42.172,1.56865,1.56905,1.60,1.00
2009.09.02 10:19:43.521,1.56875,1.56905,1.00,1.00
2009.09.02 10:19:43.741,1.56885,1.5691,1.60,1.00
2009.09.02 10:19:44.501,1.5688,1.56905,1.60,1.00
2009.09.02 10:19:51.080,1.5689,1.56905,1.60,1.00
2009.09.02 10:19:51.139,1.5689,1.5692,1.60,1.00
2009.09.02 10:19:51.479,1.5689,1.56915,1.60,1.00
2009.09.02 10:19:52.059,1.5689,1.5692,1.60,1.00
2009.09.02 10:19:52.389,1.5689,1.56915,1.60,1.00
2009.09.02 10:19:52.729,1.5689,1.5692,1.60,1.00
2009.09.02 10:19:53.829,1.5689,1.56915,1.60,1.00
2009.09.02 10:19:54.169,1.5689,1.5692,1.60,1.00
2009.09.02 10:19:54.519,1.5689,1.56915,1.60,1.00
2009.09.02 10:20:02.377,1.569,1.56915,1.60,1.00
2009.09.02 10:20:02.547,1.569,1.5693,1.60,1.00
2009.09.02 10:20:04.186,1.569,1.5694,1.60,1.00
2009.09.02 10:20:04.876,1.569,1.5693,1.60,1.00
2009.09.02 10:20:05.616,1.56905,1.5694,1.60,1.00
2009.09.02 10:20:05.936,1.569,1.5693,1.60,1.00
2009.09.02 10:20:06.626,1.56895,1.5693,1.60,1.00
2009.09.02 10:20:06.965,1.5689,1.56915,1.60,1.00
2009.09.02 10:20:20.562,1.56875,1.56915,1.60,1.00
2009.09.02 10:20:20.912,1.56885,1.5694,1.00,1.00
2009.09.02 10:20:20.962,1.5689,1.5694,1.00,1.00
2009.09.02 10:20:21.022,1.5689,1.5695,1.00,1.00
2009.09.02 10:20:21.322,1.5689,1.5695,1.00,1.00
2009.09.02 10:20:21.552,1.5688,1.5695,9.60,1.00
2009.09.02 10:20:21.602,1.5688,1.5695,5.60,1.00
2009.09.02 10:20:21.962,1.5688,1.56945,1.60,1.00
2009.09.02 10:20:22.992,1.5688,1.5694,1.60,1.00
2009.09.02 10:20:23.792,1.5688,1.56935,1.60,1.00
2009.09.02 10:20:25.291,1.5688,1.5693,1.60,1.00
2009.09.02 10:20:26.691,1.56885,1.5693,2.40,1.00
2009.09.02 10:20:26.811,1.56885,1.5694,2.40,1.00
2009.09.02 10:20:27.970,1.56885,1.56945,2.40,1.00
2009.09.02 10:20:28.950,1.56885,1.5694,1.60,1.00
2009.09.02 10:20:29.850,1.5689,1.56945,1.00,1.00
2009.09.02 10:20:30.180,1.56895,1.56955,1.00,1.00
2009.09.02 10:20:30.462,1.56895,1.5696,1.00,1.00
2009.09.02 10:20:32.809,1.56895,1.56955,1.00,1.00
2009.09.02 10:20:36.208,1.5689,1.56955,1.00,1.00
2009.09.02 10:20:36.548,1.5689,1.5695,1.00,1.00
2009.09.02 10:20:37.078,1.56885,1.5695,4.00,1.00
2009.09.02 10:20:37.368,1.5688,1.5695,2.40,1.00
2009.09.02 10:20:38.888,1.5688,1.56945,2.40,1.00
2009.09.02 10:20:40.048,1.5688,1.5694,2.40,1.00
2009.09.02 10:20:40.817,1.56885,1.5694,1.00,1.00
2009.09.02 10:20:40.987,1.5689,1.5695,1.00,1.00
2009.09.02 10:20:42.887,1.5689,1.56945,1.00,1.00
2009.09.02 10:20:50.155,1.56885,1.56945,2.40,1.00
2009.09.02 10:20:50.515,1.5689,1.56945,1.00,1.00
2009.09.02 10:20:53.744,1.5689,1.56945,2.40,1.00
2009.09.02 10:20:53.854,1.56885,1.56945,2.40,1.00
2009.09.02 10:20:54.094,1.56885,1.56945,1.00,1.00
2009.09.02 10:20:54.214,1.56885,1.56945,1.60,1.00
2009.09.02 10:20:54.554,1.5689,1.56945,1.60,1.00
2009.09.02 10:20:54.914,1.56885,1.56945,2.40,1.00
2009.09.02 10:20:55.254,1.5689,1.56945,1.00,1.00
2009.09.02 10:21:19.418,1.5688,1.5693,2.40,1.00
2009.09.02 10:21:19.588,1.5688,1.5693,1.60,1.00
2009.09.02 10:21:23.007,1.5688,1.56925,1.60,1.00
2009.09.02 10:21:24.577,1.5689,1.5693,1.60,1.00
2009.09.02 10:21:29.226,1.569,1.5694,1.60,1.00
2009.09.02 10:21:29.946,1.56915,1.5695,1.60,1.00
2009.09.02 10:21:32.006,1.56905,1.5695,1.60,1.00
2009.09.02 10:21:34.194,1.569,1.5694,1.60,1.00
2009.09.02 10:21:36.414,1.56905,1.5695,1.60,1.00
2009.09.02 10:21:36.704,1.56895,1.56945,1.60,1.00
2009.09.02 10:21:38.133,1.56895,1.5694,1.60,1.00
2009.09.02 10:21:43.792,1.56895,1.5693,1.60,1.00
2009.09.02 10:21:44.142,1.5689,1.5693,1.60,1.00
2009.09.02 10:21:49.831,1.5689,1.56925,1.60,1.00
2009.09.02 10:21:50.870,1.5689,1.5692,1.60,1.00
2009.09.02 10:21:52.090,1.56885,1.5692,1.60,1.00
2009.09.02 10:21:53.700,1.56885,1.5693,1.60,1.00
2009.09.02 10:21:54.050,1.56885,1.5694,1.60,1.00
2009.09.02 10:21:54.170,1.56885,1.5694,2.40,1.00
2009.09.02 10:21:54.750,1.56885,1.5694,1.60,1.00
2009.09.02 10:21:55.109,1.5688,1.5693,2.40,1.00
2009.09.02 10:21:59.038,1.56885,1.5694,1.00,1.00
2009.09.02 10:21:59.259,1.56885,1.5694,2.40,1.00
2009.09.02 10:22:00.928,1.5688,1.5694,2.40,1.00
2009.09.02 10:22:00.988,1.5688,1.5693,2.40,1.00
2009.09.02 10:22:09.116,1.56885,1.5694,1.60,2.60
2009.09.02 10:22:09.396,1.56875,1.5693,1.60,1.00
2009.09.02 10:22:09.736,1.56885,1.5693,1.60,1.00
2009.09.02 10:22:10.086,1.56885,1.5694,1.60,2.60
2009.09.02 10:22:11.056,1.56885,1.5693,1.60,1.00
2009.09.02 10:22:11.335,1.56875,1.5692,1.60,1.00
2009.09.02 10:22:12.905,1.56875,1.56915,1.60,1.00
2009.09.02 10:22:14.005,1.56875,1.5691,1.60,1.00
2009.09.02 10:22:15.204,1.5687,1.5691,8.40,1.00
2009.09.02 10:22:16.924,1.5687,1.56905,8.40,1.00
2009.09.02 10:22:18.364,1.5687,1.569,8.40,1.00
2009.09.02 10:22:19.004,1.56885,1.569,3.20,1.00
2009.09.02 10:22:19.363,1.56895,1.56925,3.20,1.00
2009.09.02 10:22:19.713,1.569,1.56935,1.60,1.00
2009.09.02 10:22:21.773,1.569,1.56925,1.60,1.00
2009.09.02 10:22:22.463,1.569,1.5693,1.60,1.00
2009.09.02 10:22:23.913,1.569,1.56925,1.60,1.00
2009.09.02 10:22:23.972,1.56905,1.56925,1.60,1.00
2009.09.02 10:22:25.102,1.56895,1.56925,3.20,1.00
2009.09.02 10:22:25.782,1.569,1.56935,5.20,1.00
2009.09.02 10:22:26.082,1.569,1.5693,5.20,1.00
2009.09.02 10:22:26.362,1.56895,1.5693,5.20,1.00
2009.09.02 10:22:26.652,1.56895,1.5693,4.80,1.00
2009.09.02 10:22:27.671,1.569,1.56935,1.60,1.00
2009.09.02 10:22:29.411,1.5691,1.56935,1.60,1.00
2009.09.02 10:22:29.751,1.56915,1.5695,1.60,1.00
2009.09.02 10:22:30.101,1.56915,1.5696,2.40,1.00
2009.09.02 10:22:30.441,1.56925,1.56965,1.60,1.00
2009.09.02 10:22:30.801,1.56915,1.56965,1.60,1.00
2009.09.02 10:22:30.971,1.56915,1.56965,2.40,1.00
2009.09.02 10:22:31.191,1.5692,1.56975,1.60,1.00
2009.09.02 10:22:32.610,1.56925,1.56975,1.60,1.00
2009.09.02 10:22:37.079,1.56925,1.5697,1.60,1.00
2009.09.02 10:22:37.419,1.56925,1.56975,8.40,1.60
2009.09.02 10:22:38.109,1.56925,1.56975,6.80,2.40
2009.09.02 10:22:38.349,1.5692,1.56975,1.60,1.60
2009.09.02 10:22:38.529,1.56925,1.5697,3.20,1.00
2009.09.02 10:22:38.749,1.5692,1.5697,1.60,1.00
2009.09.02 10:22:38.979,1.5692,1.56975,1.80,1.70
2009.09.02 10:22:39.149,1.56925,1.56975,8.40,1.70
2009.09.02 10:22:39.548,1.5692,1.56975,1.80,1.70
2009.09.02 10:22:39.889,1.56925,1.56965,6.80,1.00
2009.09.02 10:22:40.218,1.5692,1.56965,1.60,1.00
2009.09.02 10:22:40.948,1.5692,1.5696,1.60,1.00
2009.09.02 10:22:41.968,1.56925,1.5696,1.60,1.00
2009.09.02 10:22:42.898,1.56925,1.56955,1.60,1.00
2009.09.02 10:22:43.698,1.5693,1.5696,1.60,1.00
2009.09.02 10:22:43.818,1.56935,1.5696,1.60,1.00
2009.09.02 10:22:45.787,1.56925,1.5696,1.60,1.00
2009.09.02 10:22:46.177,1.56925,1.56945,1.60,1.00
2009.09.02 10:22:46.527,1.56925,1.56955,1.60,1.00
2009.09.02 10:22:47.217,1.56925,1.56945,1.60,1.00
2009.09.02 10:22:47.387,1.5692,1.56945,1.60,1.00
2009.09.02 10:22:48.756,1.5692,1.56955,1.80,1.00
2009.09.02 10:22:53.275,1.56925,1.56955,1.60,1.00
2009.09.02 10:22:56.274,1.5692,1.56955,1.00,1.00
2009.09.02 10:22:56.435,1.56925,1.56955,1.60,1.00
2009.09.02 10:22:56.494,1.56915,1.56945,1.80,1.00
2009.09.02 10:22:59.624,1.5691,1.56945,1.60,1.00
2009.09.02 10:22:59.974,1.56905,1.56935,1.00,1.00
2009.09.02 10:23:00.334,1.569,1.56935,1.60,1.00
2009.09.02 10:23:01.843,1.569,1.5693,1.60,1.00
2009.09.02 10:23:03.233,1.569,1.5694,1.80,1.00
2009.09.02 10:23:06.322,1.56895,1.5694,1.60,1.00
2009.09.02 10:23:07.632,1.56895,1.5693,1.60,1.00
2009.09.02 10:23:08.222,1.569,1.5693,1.60,1.00
2009.09.02 10:23:09.861,1.56905,1.5694,1.60,1.00
2009.09.02 10:23:10.721,1.56895,1.5694,1.60,1.00
2009.09.02 10:23:11.201,1.56905,1.5694,1.60,1.00
2009.09.02 10:23:11.491,1.56895,1.5694,1.60,1.00
2009.09.02 10:23:11.771,1.56905,1.5694,1.60,1.00
2009.09.02 10:23:12.821,1.569,1.5694,1.60,1.00
2009.09.02 10:23:13.750,1.56905,1.5694,1.60,1.00
2009.09.02 10:23:21.449,1.5691,1.5693,1.60,1.00
2009.09.02 10:23:21.738,1.5691,1.56945,1.60,1.00
2009.09.02 10:23:22.078,1.5691,1.56935,1.60,1.00
2009.09.02 10:23:23.168,1.5691,1.56945,1.60,1.00
2009.09.02 10:23:27.617,1.5691,1.56935,1.60,1.00
2009.09.02 10:23:28.237,1.5691,1.56945,1.60,1.00
2009.09.02 10:23:31.736,1.56925,1.56955,1.60,1.00
2009.09.02 10:23:31.796,1.56915,1.56955,1.60,1.00
2009.09.02 10:23:36.565,1.5691,1.56945,1.60,1.00
2009.09.02 10:23:38.785,1.56915,1.5697,1.00,1.00
2009.09.02 10:23:38.904,1.56925,1.5697,1.60,1.00
2009.09.02 10:23:39.084,1.5692,1.5696,1.60,1.00
2009.09.02 10:23:39.245,1.56925,1.5697,1.60,1.00
2009.09.02 10:23:42.594,1.5692,1.56955,1.60,1.00
2009.09.02 10:23:49.742,1.56915,1.56955,1.60,1.00
2009.09.02 10:23:50.432,1.5692,1.56955,1.60,1.00
2009.09.02 10:23:55.460,1.56915,1.56955,1.60,1.00
2009.09.02 10:23:57.180,1.56915,1.56955,1.80,1.00
2009.09.02 10:23:57.520,1.56915,1.56955,1.60,1.00
2009.09.02 10:23:57.880,1.5691,1.56945,1.60,1.00
2009.09.02 10:23:58.230,1.5691,1.56935,1.60,1.00
2009.09.02 10:23:58.560,1.56915,1.56945,1.60,1.00
2009.09.02 10:24:00.159,1.5692,1.56945,1.60,1.00
2009.09.02 10:24:01.109,1.5692,1.5695,1.60,1.00
2009.09.02 10:24:01.679,1.5692,1.56945,1.60,1.00
2009.09.02 10:24:02.989,1.56915,1.56945,1.60,1.00
2009.09.02 10:24:07.558,1.56915,1.56935,1.60,1.00
2009.09.02 10:24:07.898,1.5689,1.56935,1.60,1.60
2009.09.02 10:24:08.237,1.5689,1.56935,1.60,1.00
2009.09.02 10:24:08.877,1.5689,1.56935,1.60,1.00
2009.09.02 10:24:09.347,1.5689,1.56935,6.80,1.00
2009.09.02 10:24:09.907,1.5688,1.5693,1.60,1.00
2009.09.02 10:24:10.237,1.5688,1.5693,1.60,1.00
2009.09.02 10:24:10.827,1.5688,1.5692,1.60,1.00
2009.09.02 10:24:11.816,1.5688,1.56915,1.60,1.00
2009.09.02 10:24:16.765,1.5688,1.56905,1.60,1.00
2009.09.02 10:24:21.264,1.5688,1.56895,1.60,1.00
2009.09.02 10:24:21.324,1.5687,1.56895,1.60,1.00
2009.09.02 10:24:24.663,1.5688,1.56905,1.60,1.00
2009.09.02 10:24:31.122,1.56865,1.56905,6.40,1.00
2009.09.02 10:24:32.791,1.56865,1.569,6.40,1.00
2009.09.02 10:24:33.711,1.56865,1.56895,6.40,1.00
2009.09.02 10:24:36.740,1.56865,1.5689,6.40,1.00
2009.09.02 10:24:42.409,1.56865,1.5688,6.40,1.00
2009.09.02 10:24:42.459,1.56865,1.5689,3.20,1.00
2009.09.02 10:24:42.909,1.5686,1.5688,6.40,1.00
2009.09.02 10:24:43.259,1.5687,1.56895,1.60,1.00
2009.09.02 10:24:45.708,1.56865,1.56885,1.60,1.00
2009.09.02 10:24:45.988,1.5686,1.5689,1.60,1.00
2009.09.02 10:24:46.278,1.5686,1.56885,1.60,1.00
2009.09.02 10:24:47.202,1.56865,1.56885,1.60,1.00
2009.09.02 10:24:47.548,1.5686,1.5689,1.60,1.00
2009.09.02 10:24:51.057,1.5686,1.56885,1.60,1.00
2009.09.02 10:24:51.677,1.5686,1.56895,1.60,1.00
2009.09.02 10:24:52.757,1.5686,1.56885,1.60,1.00
2009.09.02 10:24:53.906,1.56865,1.56885,1.60,1.00
2009.09.02 10:24:54.086,1.56865,1.56885,3.20,1.00
2009.09.02 10:24:54.326,1.56865,1.5689,3.20,1.00
2009.09.02 10:24:54.666,1.5687,1.56895,1.60,1.00
2009.09.02 10:24:57.256,1.56875,1.56895,3.20,1.00
2009.09.02 10:24:57.885,1.5687,1.56895,1.60,1.00
2009.09.02 10:25:00.035,1.56875,1.56905,1.60,1.00
2009.09.02 10:25:01.274,1.56885,1.56905,1.60,1.00
2009.09.02 10:25:02.334,1.56885,1.569,1.60,1.00
2009.09.02 10:25:02.624,1.56875,1.569,1.60,1.00
2009.09.02 10:25:03.144,1.56875,1.56915,1.80,1.00
2009.09.02 10:25:04.634,1.5688,1.5692,1.00,1.70
2009.09.02 10:25:05.273,1.5688,1.5692,1.00,2.50
2009.09.02 10:25:05.663,1.5687,1.56915,1.80,1.00
2009.09.02 10:25:06.343,1.5687,1.56915,1.80,6.50
2009.09.02 10:25:06.793,1.5687,1.5691,1.80,1.00
2009.09.02 10:25:08.043,1.5687,1.5691,1.80,3.30
2009.09.02 10:25:09.023,1.56855,1.56895,1.80,1.60
2009.09.02 10:25:11.652,1.5687,1.56905,1.00,5.60
2009.09.02 10:25:11.772,1.56865,1.56905,1.60,1.00
2009.09.02 10:25:11.822,1.5687,1.56905,1.60,1.00
2009.09.02 10:25:12.412,1.5687,1.569,1.60,1.00
2009.09.02 10:25:13.862,1.5687,1.569,1.60,1.00
2009.09.02 10:25:15.051,1.5687,1.56895,1.60,1.00
2009.09.02 10:25:15.391,1.5687,1.5689,1.60,5.20
2009.09.02 10:25:15.741,1.56845,1.56875,3.20,1.00
2009.09.02 10:25:16.021,1.5684,1.56875,1.60,1.00
2009.09.02 10:25:16.251,1.56835,1.56875,1.60,1.00
2009.09.02 10:25:16.771,1.56845,1.5687,1.60,1.00
2009.09.02 10:25:17.971,1.56845,1.56865,1.60,1.00
2009.09.02 10:25:19.120,1.5685,1.56875,1.60,1.00
2009.09.02 10:25:19.240,1.5685,1.5688,1.70,1.00
2009.09.02 10:25:19.410,1.5685,1.5688,1.70,1.00
2009.09.02 10:25:19.690,1.56855,1.5688,1.60,1.00
2009.09.02 10:25:20.160,1.5686,1.5688,1.60,1.00
2009.09.02 10:25:22.759,1.56855,1.5688,1.60,1.00
2009.09.02 10:25:24.969,1.5686,1.56885,1.60,1.00
2009.09.02 10:25:25.609,1.56865,1.5689,1.60,1.00
2009.09.02 10:25:26.648,1.5686,1.5689,1.00,1.00
2009.09.02 10:25:32.447,1.56855,1.5689,1.60,1.00
2009.09.02 10:25:34.017,1.56855,1.56885,1.60,1.00
2009.09.02 10:25:36.416,1.5685,1.56885,1.00,1.00
2009.09.02 10:25:37.986,1.5686,1.5689,1.00,1.00
2009.09.02 10:25:58.461,1.5685,1.5689,1.80,1.00
2009.09.02 10:25:58.631,1.5685,1.5689,1.00,1.00
2009.09.02 10:26:00.090,1.5685,1.56885,1.00,1.00
2009.09.02 10:26:00.440,1.5685,1.5688,1.00,1.00
2009.09.02 10:26:02.040,1.5685,1.5689,1.00,1.70
2009.09.02 10:26:02.140,1.5685,1.5689,1.00,1.00
2009.09.02 10:26:03.839,1.5685,1.56885,1.00,1.00
2009.09.02 10:26:05.219,1.5686,1.5689,1.00,1.00
2009.09.02 10:26:05.559,1.5685,1.5689,1.80,1.00
2009.09.02 10:26:06.129,1.5686,1.5689,1.00,1.00
2009.09.02 10:26:08.858,1.5685,1.5689,1.80,1.00
2009.09.02 10:26:09.268,1.5685,1.5689,1.00,1.00
2009.09.02 10:26:09.788,1.5685,1.56885,1.00,1.00
2009.09.02 10:26:21.805,1.56855,1.56895,1.00,1.00
2009.09.02 10:26:22.095,1.5685,1.5688,1.00,1.00
2009.09.02 10:26:23.555,1.5685,1.5689,1.00,1.00
2009.09.02 10:26:24.145,1.56855,1.56895,1.00,1.00
2009.09.02 10:26:24.705,1.56855,1.569,1.00,1.00
2009.09.02 10:26:25.044,1.56855,1.5691,1.80,1.00
2009.09.02 10:26:25.684,1.5686,1.5691,1.60,1.00
2009.09.02 10:26:26.024,1.5686,1.56915,1.80,1.00
2009.09.02 10:26:26.604,1.5687,1.56915,1.00,2.40
2009.09.02 10:26:26.874,1.5687,1.5691,1.00,1.00
2009.09.02 10:26:27.684,1.5687,1.56905,1.00,2.40
2009.09.02 10:26:28.014,1.5686,1.56905,1.60,1.00
2009.09.02 10:26:28.363,1.5686,1.56905,1.60,1.00
2009.09.02 10:26:29.993,1.5686,1.569,1.60,1.00
2009.09.02 10:26:35.102,1.56865,1.569,1.60,1.00
2009.09.02 10:26:38.541,1.5686,1.569,1.60,1.00
2009.09.02 10:26:39.941,1.5686,1.569,1.70,1.00
2009.09.02 10:26:40.291,1.56855,1.5689,1.60,1.00
2009.09.02 10:26:40.681,1.5686,1.569,1.60,1.00
2009.09.02 10:26:40.980,1.5686,1.569,1.60,1.00
2009.09.02 10:26:46.853,1.5685,1.5689,1.80,1.00
2009.09.02 10:26:48.149,1.5685,1.5689,1.00,1.00
2009.09.02 10:26:48.429,1.5684,1.5688,1.80,1.00
2009.09.02 10:26:51.058,1.5684,1.5688,1.00,1.00
2009.09.02 10:26:52.558,1.5684,1.5688,1.80,1.00
2009.09.02 10:26:52.668,1.5684,1.5689,1.80,1.00
2009.09.02 10:26:56.597,1.56845,1.569,1.00,1.00
2009.09.02 10:26:57.287,1.56845,1.569,1.00,1.00
2009.09.02 10:27:02.735,1.5685,1.569,1.00,1.00
2009.09.02 10:27:02.965,1.5685,1.5689,1.00,1.00
2009.09.02 10:27:03.145,1.5685,1.569,1.80,1.00
2009.09.02 10:27:03.435,1.5685,1.569,1.00,1.00
2009.09.02 10:27:03.735,1.5685,1.569,1.00,1.70
2009.09.02 10:27:04.615,1.5685,1.569,1.00,6.90
2009.09.02 10:27:04.895,1.5685,1.5689,1.00,1.60
2009.09.02 10:27:05.175,1.56845,1.56885,1.00,1.00
2009.09.02 10:27:05.864,1.56845,1.5688,1.00,1.00
2009.09.02 10:27:06.834,1.5685,1.56885,1.00,1.00
2009.09.02 10:27:08.974,1.5685,1.5688,1.00,1.00
2009.09.02 10:27:21.771,1.56835,1.56875,8.60,1.00
2009.09.02 10:27:22.001,1.56835,1.56875,1.80,1.00
2009.09.02 10:27:23.150,1.5684,1.56875,1.00,1.00
2009.09.02 10:27:24.030,1.5684,1.5687,1.00,1.00
2009.09.02 10:27:24.640,1.56835,1.56865,1.80,1.00
2009.09.02 10:27:24.980,1.5684,1.5688,1.00,1.00
2009.09.02 10:27:25.270,1.5684,1.5688,1.00,5.30
2009.09.02 10:27:25.610,1.56825,1.56865,1.00,1.00
2009.09.02 10:27:26.900,1.56825,1.56865,1.80,1.00
2009.09.02 10:27:27.919,1.56825,1.56855,1.00,1.00
2009.09.02 10:27:31.098,1.56815,1.56845,1.00,1.00
2009.09.02 10:27:31.488,1.56805,1.56845,1.00,1.00
2009.09.02 10:27:31.839,1.5681,1.56835,1.60,1.00
2009.09.02 10:27:32.068,1.56805,1.56845,1.60,1.00
2009.09.02 10:27:32.508,1.56805,1.56855,1.60,1.00
2009.09.02 10:27:33.048,1.56805,1.56855,1.80,1.00
2009.09.02 10:27:33.388,1.56805,1.56845,1.60,1.00
2009.09.02 10:27:33.898,1.56805,1.5684,1.80,1.00
2009.09.02 10:27:34.128,1.56805,1.5684,1.00,1.00
2009.09.02 10:27:34.298,1.56795,1.56825,0.30,1.00
2009.09.02 10:27:34.528,1.56795,1.56825,0.30,1.00
2009.09.02 10:27:34.698,1.56795,1.5685,0.30,1.00
2009.09.02 10:27:35.057,1.5681,1.56865,1.60,1.00
2009.09.02 10:27:35.397,1.56795,1.56855,0.50,1.00
2009.09.02 10:27:36.097,1.56805,1.5685,1.00,1.00
2009.09.02 10:27:36.437,1.56805,1.5685,1.80,1.00
2009.09.02 10:27:37.127,1.5681,1.5685,1.00,1.00
2009.09.02 10:27:38.487,1.56805,1.5685,1.60,1.00
2009.09.02 10:27:38.896,1.5681,1.5685,1.00,1.00
2009.09.02 10:27:38.997,1.56805,1.5685,1.60,1.00
2009.09.02 10:27:39.167,1.568,1.5685,1.80,1.00
2009.09.02 10:27:42.935,1.568,1.5685,1.00,1.00
2009.09.02 10:27:43.285,1.568,1.5685,1.00,1.70
2009.09.02 10:27:44.785,1.568,1.56845,1.00,1.00
2009.09.02 10:27:44.905,1.568,1.5684,1.00,1.60
2009.09.02 10:27:45.015,1.568,1.5684,1.00,1.70
2009.09.02 10:27:45.185,1.568,1.5684,1.00,1.00
2009.09.02 10:27:46.205,1.56795,1.56835,0.30,1.70
2009.09.02 10:27:46.495,1.568,1.56835,1.00,1.60
2009.09.02 10:27:49.084,1.568,1.56835,1.80,1.70
2009.09.02 10:27:49.305,1.5681,1.56845,1.00,1.00
2009.09.02 10:27:52.033,1.5681,1.5684,1.00,1.00
2009.09.02 10:27:54.813,1.56815,1.5685,1.00,1.70
2009.09.02 10:27:54.983,1.56815,1.5685,1.00,1.00
2009.09.02 10:27:58.062,1.5681,1.56845,1.00,1.00
2009.09.02 10:27:59.972,1.56805,1.56845,1.00,1.00
2009.09.02 10:28:03.001,1.56805,1.5684,1.00,1.00
2009.09.02 10:28:04.221,1.5681,1.5684,1.00,1.00
2009.09.02 10:28:13.348,1.56805,1.5684,1.00,1.00
2009.09.02 10:28:13.878,1.5681,1.5684,1.00,1.00
2009.09.02 10:28:14.618,1.5682,1.5685,3.20,1.00
2009.09.02 10:28:14.968,1.56825,1.56865,1.00,1.00
2009.09.02 10:28:15.997,1.56825,1.5686,1.00,1.00
2009.09.02 10:28:16.498,1.56825,1.5686,1.80,1.00
2009.09.02 10:28:16.678,1.5682,1.56855,1.60,1.00
2009.09.02 10:28:19.688,1.56825,1.56855,1.60,1.00
2009.09.02 10:28:20.047,1.5683,1.5686,1.00,1.00
2009.09.02 10:28:20.716,1.56825,1.5686,1.60,1.00
2009.09.02 10:28:21.426,1.5683,1.5687,1.60,1.00
2009.09.02 10:28:22.876,1.5683,1.5687,1.80,1.00
2009.09.02 10:28:23.216,1.5683,1.5687,1.00,1.00
2009.09.02 10:28:23.556,1.5682,1.56855,1.60,1.00
2009.09.02 10:28:24.126,1.56825,1.5686,6.60,1.00
2009.09.02 10:28:24.295,1.5683,1.5686,1.60,1.00
2009.09.02 10:28:24.525,1.5683,1.5687,1.80,1.00
2009.09.02 10:28:25.765,1.56835,1.5687,1.80,1.00
2009.09.02 10:28:26.105,1.5683,1.5686,1.00,1.00
2009.09.02 10:28:27.045,1.56835,1.56895,1.80,1.00
2009.09.02 10:28:27.335,1.56835,1.56905,1.80,1.00
2009.09.02 10:28:27.735,1.56835,1.56895,1.00,1.00
2009.09.02 10:28:28.075,1.56835,1.56885,1.80,1.00
2009.09.02 10:28:28.365,1.56835,1.56895,1.80,1.00
2009.09.02 10:28:28.695,1.56835,1.56895,1.80,1.00
2009.09.02 10:28:33.553,1.56835,1.56895,1.80,1.00
2009.09.02 10:28:33.663,1.56835,1.5689,1.60,1.00
2009.09.02 10:28:34.003,1.56835,1.56885,1.60,1.00
2009.09.02 10:28:34.123,1.56825,1.56885,1.80,1.00
2009.09.02 10:28:34.303,1.56825,1.56885,1.80,1.00
2009.09.02 10:28:34.413,1.56825,1.56875,1.00,1.00
2009.09.02 10:28:37.383,1.5682,1.56875,2.60,1.00
2009.09.02 10:28:37.563,1.5683,1.56875,1.60,1.00
2009.09.02 10:28:37.972,1.56845,1.56885,1.60,3.30
2009.09.02 10:28:38.322,1.56845,1.56885,1.60,1.00
2009.09.02 10:28:38.652,1.56825,1.56885,1.60,1.00
2009.09.02 10:28:39.003,1.5684,1.5689,1.60,1.00
2009.09.02 10:28:41.752,1.5685,1.56895,1.60,1.00
2009.09.02 10:28:41.871,1.5684,1.56885,1.80,1.00
2009.09.02 10:28:43.121,1.56845,1.56885,1.00,1.00
2009.09.02 10:28:45.820,1.5685,1.56885,1.60,1.00
2009.09.02 10:28:46.940,1.5684,1.5688,1.80,1.00
2009.09.02 10:28:47.110,1.56845,1.56885,1.80,1.00
2009.09.02 10:28:47.460,1.56845,1.56895,1.80,1.00
2009.09.02 10:28:47.850,1.5685,1.56895,1.00,1.00
2009.09.02 10:28:48.180,1.56845,1.56885,1.80,1.00
2009.09.02 10:28:51.429,1.56855,1.5689,1.00,1.00
2009.09.02 10:28:51.759,1.56855,1.5689,1.00,1.00
2009.09.02 10:28:52.099,1.5686,1.5689,1.00,1.00
2009.09.02 10:28:56.658,1.5686,1.56895,1.80,1.00
2009.09.02 10:28:57.068,1.5686,1.5689,1.00,1.00
2009.09.02 10:28:57.248,1.5686,1.56895,1.00,1.00
2009.09.02 10:28:57.788,1.56855,1.56895,1.00,1.00
2009.09.02 10:29:00.977,1.56855,1.5689,1.00,1.00
2009.09.02 10:29:10.994,1.5686,1.56895,1.60,1.00
2009.09.02 10:29:11.344,1.5686,1.56905,1.60,8.50
2009.09.02 10:29:11.854,1.5686,1.56905,1.80,8.50
2009.09.02 10:29:12.794,1.56865,1.56905,1.00,8.50
2009.09.02 10:29:13.144,1.56865,1.56905,3.40,5.30
2009.09.02 10:29:13.484,1.56865,1.56905,1.00,4.50
2009.09.02 10:29:13.844,1.5686,1.56895,1.80,1.00
2009.09.02 10:29:14.354,1.56865,1.56905,1.00,5.30
2009.09.02 10:29:15.843,1.5687,1.56905,1.00,8.50
2009.09.02 10:29:17.243,1.5687,1.56905,1.00,7.30
2009.09.02 10:29:18.722,1.5686,1.569,1.80,1.00
2009.09.02 10:29:19.073,1.5686,1.569,1.00,1.00
2009.09.02 10:29:19.822,1.5686,1.569,1.00,4.10
2009.09.02 10:29:21.432,1.5686,1.56895,1.00,1.00
2009.09.02 10:29:23.011,1.5686,1.56895,1.00,1.00
2009.09.02 10:29:25.181,1.5687,1.56895,1.00,1.00
2009.09.02 10:29:25.751,1.5686,1.56895,1.80,1.00
2009.09.02 10:29:26.151,1.5686,1.56895,1.00,1.00
2009.09.02 10:29:31.029,1.56865,1.569,1.00,4.00
2009.09.02 10:29:31.419,1.56865,1.569,1.00,3.20
2009.09.02 10:29:32.529,1.56865,1.56905,1.00,8.50
2009.09.02 10:29:32.700,1.5687,1.56905,1.00,8.50
2009.09.02 10:29:32.759,1.5687,1.56905,1.00,5.30
2009.09.02 10:29:33.269,1.5687,1.56905,1.00,4.50
2009.09.02 10:29:34.759,1.5687,1.56905,1.00,5.30
2009.09.02 10:29:37.238,1.5687,1.56905,1.00,1.00
2009.09.02 10:29:40.627,1.5687,1.56905,1.00,7.30
2009.09.02 10:29:41.017,1.5687,1.56905,1.00,8.50
2009.09.02 10:29:44.087,1.5687,1.569,1.00,1.00
2009.09.02 10:29:44.916,1.5686,1.56895,1.00,1.00
2009.09.02 10:29:47.335,1.5686,1.5689,1.00,1.00
2009.09.02 10:29:47.786,1.5687,1.569,1.00,1.00
2009.09.02 10:29:48.136,1.5686,1.56895,1.00,1.00
2009.09.02 10:29:51.835,1.5687,1.569,1.00,1.00
2009.09.02 10:29:53.994,1.5686,1.5689,1.80,1.00
2009.09.02 10:29:54.264,1.5686,1.5689,1.00,1.00
2009.09.02 10:29:54.994,1.56865,1.56905,1.00,1.00
2009.09.02 10:29:58.903,1.5687,1.56905,1.00,1.00
2009.09.02 10:30:00.392,1.5687,1.56905,1.00,1.00
2009.09.02 10:30:00.782,1.5687,1.56905,1.00,1.00
2009.09.02 10:30:01.123,1.56865,1.56895,1.00,1.00
2009.09.02 10:30:01.473,1.5687,1.569,1.00,2.40
2009.09.02 10:30:05.251,1.5687,1.569,1.00,1.00
2009.09.02 10:30:05.951,1.5687,1.56905,1.00,1.00
2009.09.02 10:30:07.881,1.56875,1.56905,1.00,1.00
2009.09.02 10:30:08.391,1.56875,1.56905,1.00,3.30
2009.09.02 10:30:10.040,1.56875,1.56905,1.00,1.00
2009.09.02 10:30:10.420,1.5689,1.5691,1.60,1.00
2009.09.02 10:30:10.770,1.56895,1.56935,1.00,1.00
2009.09.02 10:30:11.110,1.5689,1.5694,1.00,1.00
2009.09.02 10:30:11.460,1.56895,1.56935,1.00,1.00
2009.09.02 10:30:11.810,1.56895,1.56935,1.00,1.00
2009.09.02 10:30:13.199,1.5688,1.5692,1.00,1.00
2009.09.02 10:30:17.208,1.56885,1.56915,1.00,1.00
2009.09.02 10:30:19.218,1.56885,1.5692,1.00,1.00
2009.09.02 10:30:19.508,1.569,1.5693,1.00,4.10
2009.09.02 10:30:20.418,1.5691,1.5693,1.00,1.00
2009.09.02 10:30:20.698,1.569,1.5694,1.00,4.10
2009.09.02 10:30:21.057,1.56895,1.5693,1.00,1.60
2009.09.02 10:30:24.097,1.56895,1.56925,1.00,2.40
2009.09.02 10:30:24.207,1.5688,1.56925,3.20,2.60
2009.09.02 10:30:24.387,1.56865,1.56925,2.60,2.60
2009.09.02 10:30:24.497,1.56865,1.569,1.80,1.60
2009.09.02 10:30:24.667,1.56865,1.569,1.00,1.60
2009.09.02 10:30:33.624,1.5685,1.5689,1.80,1.60
2009.09.02 10:30:34.214,1.5685,1.5689,1.00,1.60
2009.09.02 10:30:34.574,1.5685,1.5689,1.00,4.80
2009.09.02 10:30:34.744,1.5685,1.5689,1.00,8.00
2009.09.02 10:30:34.924,1.5685,1.5689,1.00,9.10
2009.09.02 10:30:36.834,1.5685,1.5689,1.00,9.30
2009.09.02 10:30:41.003,1.5685,1.56885,1.00,1.00
2009.09.02 10:30:44.642,1.56855,1.5689,1.00,1.60
2009.09.02 10:30:44.702,1.56855,1.56895,1.00,3.30
2009.09.02 10:30:44.762,1.5686,1.5689,1.00,1.70
2009.09.02 10:30:45.332,1.5686,1.5689,1.00,1.60
2009.09.02 10:30:45.682,1.5686,1.56895,1.00,1.00
2009.09.02 10:30:48.391,1.5687,1.569,1.00,1.70
2009.09.02 10:30:49.081,1.5686,1.569,1.80,1.70
2009.09.02 10:30:50.010,1.5686,1.56895,1.80,1.00
2009.09.02 10:30:50.651,1.5686,1.56895,1.00,1.00
2009.09.02 10:30:53.480,1.5685,1.5689,1.00,1.70
2009.09.02 10:30:54.500,1.5685,1.5688,1.00,1.70
2009.09.02 10:30:56.099,1.5686,1.5689,1.00,8.10
2009.09.02 10:30:56.449,1.5685,1.5688,1.00,1.00
2009.09.02 10:30:57.070,1.5685,1.5689,1.00,1.70
2009.09.02 10:30:57.999,1.5685,1.56885,1.00,1.00
2009.09.02 10:31:02.337,1.5685,1.5688,1.00,1.70
2009.09.02 10:31:02.567,1.5685,1.5688,1.00,1.00
2009.09.02 10:31:02.838,1.5685,1.5689,1.00,1.70
2009.09.02 10:31:04.007,1.5685,1.56885,1.00,1.00
2009.09.02 10:31:08.456,1.5685,1.5688,1.00,1.70
2009.09.02 10:31:08.836,1.5685,1.5688,1.00,1.00
2009.09.02 10:31:08.956,1.5685,1.5689,1.00,1.70
2009.09.02 10:31:09.346,1.5686,1.5689,1.00,1.70
2009.09.02 10:31:09.636,1.5685,1.5689,1.80,1.70
2009.09.02 10:31:09.756,1.5685,1.5689,1.00,1.70
2009.09.02 10:31:09.926,1.56855,1.5689,1.00,1.60
2009.09.02 10:31:10.275,1.5685,1.5689,1.00,1.70
2009.09.02 10:31:10.625,1.56855,1.5689,1.00,1.60
2009.09.02 10:31:10.965,1.5685,1.5688,1.00,1.70
2009.09.02 10:31:23.123,1.5684,1.56865,1.60,1.00
2009.09.02 10:31:23.353,1.56835,1.56865,1.00,1.00
2009.09.02 10:31:23.582,1.5684,1.5688,1.00,1.70
2009.09.02 10:31:24.862,1.5684,1.56875,1.00,1.00
2009.09.02 10:31:25.892,1.5685,1.5688,1.00,1.70
2009.09.02 10:31:37.959,1.5685,1.5688,1.80,1.60
2009.09.02 10:31:38.249,1.5685,1.56885,1.80,1.70
2009.09.02 10:31:38.769,1.5685,1.56875,1.00,1.60
2009.09.02 10:31:39.049,1.5685,1.5688,1.00,1.60
2009.09.02 10:31:41.968,1.5685,1.5688,1.00,1.70
2009.09.02 10:31:46.727,1.56835,1.56865,1.00,1.00
2009.09.02 10:31:47.147,1.5684,1.56875,1.00,1.70
2009.09.02 10:31:49.267,1.5685,1.5688,1.00,1.70
2009.09.02 10:31:55.075,1.5685,1.5688,1.00,1.00
2009.09.02 10:32:00.314,1.5684,1.5688,1.80,1.00
2009.09.02 10:32:00.773,1.5685,1.5688,1.00,1.00
2009.09.02 10:32:01.473,1.56835,1.56865,1.00,1.00
2009.09.02 10:32:02.053,1.56835,1.56865,1.80,1.00
2009.09.02 10:32:02.283,1.5685,1.5688,1.00,1.00
2009.09.02 10:32:02.514,1.5685,1.5688,1.00,1.00
2009.09.02 10:32:03.913,1.5684,1.5688,1.00,1.00
2009.09.02 10:32:04.893,1.5684,1.56875,1.00,1.00
2009.09.02 10:32:07.022,1.56835,1.56865,1.00,1.00
2009.09.02 10:32:07.182,1.5684,1.5688,1.00,1.70
2009.09.02 10:32:07.342,1.5684,1.5688,1.00,1.00
2009.09.02 10:32:07.922,1.56845,1.5688,1.60,1.00
2009.09.02 10:32:08.272,1.56845,1.56905,1.60,1.00
2009.09.02 10:32:08.602,1.56845,1.56905,1.60,1.00
2009.09.02 10:32:08.952,1.5684,1.56895,1.00,1.00
2009.09.02 10:32:11.022,1.5684,1.5689,1.80,1.00
2009.09.02 10:32:12.771,1.5684,1.5689,1.00,1.00
2009.09.02 10:32:13.120,1.5684,1.56895,1.00,1.00
2009.09.02 10:32:13.501,1.5684,1.56895,1.00,5.00
2009.09.02 10:32:14.930,1.5684,1.5689,1.00,1.00
2009.09.02 10:32:16.020,1.5684,1.56885,1.00,1.00
2009.09.02 10:32:16.360,1.5685,1.56895,1.00,1.00
2009.09.02 10:32:16.700,1.5684,1.56895,1.80,1.00
2009.09.02 10:32:17.050,1.5684,1.56895,1.80,1.00
2009.09.02 10:32:19.039,1.5684,1.5689,1.80,1.00
2009.09.02 10:32:20.669,1.5684,1.5688,1.00,1.00
2009.09.02 10:32:21.529,1.5683,1.5688,1.80,1.00
2009.09.02 10:32:23.618,1.5683,1.5687,1.00,1.00
2009.09.02 10:32:28.807,1.5683,1.5688,1.00,1.00
2009.09.02 10:32:29.157,1.5683,1.5688,1.00,1.00
2009.09.02 10:32:29.386,1.5683,1.5688,1.00,1.00
2009.09.02 10:32:29.616,1.5683,1.5688,1.00,1.00
2009.09.02 10:32:32.096,1.5683,1.5688,1.00,1.00
2009.09.02 10:32:34.975,1.56825,1.5688,1.80,1.00
2009.09.02 10:32:35.315,1.56825,1.5688,1.80,1.70
2009.09.02 10:32:36.995,1.56825,1.56875,1.80,1.00
2009.09.02 10:32:37.685,1.5683,1.56875,1.00,1.00
2009.09.02 10:32:39.274,1.56815,1.5686,5.00,1.00
2009.09.02 10:32:39.625,1.56815,1.5686,1.80,1.00
2009.09.02 10:32:40.874,1.56815,1.56855,1.80,1.00
2009.09.02 10:32:45.273,1.56815,1.56855,1.60,1.00
2009.09.02 10:32:45.573,1.56815,1.56855,1.80,1.00
2009.09.02 10:32:45.863,1.56815,1.56855,1.60,1.00
2009.09.02 10:32:46.563,1.56805,1.56845,1.80,1.00
2009.09.02 10:32:47.232,1.568,1.56845,1.60,1.00
2009.09.02 10:32:51.401,1.56795,1.56835,2.60,1.00
2009.09.02 10:32:51.741,1.56795,1.56835,2.60,1.00
2009.09.02 10:32:52.091,1.56795,1.56835,2.60,1.00
2009.09.02 10:32:52.441,1.56795,1.56835,2.60,1.00
2009.09.02 10:32:52.781,1.56795,1.56835,2.60,1.00
2009.09.02 10:32:53.121,1.56795,1.56835,2.60,1.00
2009.09.02 10:32:53.471,1.56795,1.56835,2.60,1.00
2009.09.02 10:32:53.751,1.56795,1.56835,2.60,1.00
2009.09.02 10:32:54.091,1.56795,1.56835,2.60,1.00
2009.09.02 10:32:54.331,1.56795,1.56835,2.60,1.00
2009.09.02 10:32:54.671,1.56795,1.56835,2.60,1.00
2009.09.02 10:32:54.790,1.56795,1.56835,2.60,1.00
2009.09.02 10:32:55.070,1.56795,1.56835,2.60,1.00
2009.09.02 10:32:55.300,1.56795,1.56835,2.60,1.00
2009.09.02 10:32:55.470,1.56795,1.56835,2.60,1.00
2009.09.02 10:32:55.640,1.56795,1.56835,2.60,1.00
2009.09.02 10:32:56.030,1.56795,1.56835,2.60,1.00
2009.09.02 10:32:56.330,1.56795,1.56835,2.60,1.00
2009.09.02 10:32:56.670,1.56795,1.56835,2.60,1.00
2009.09.02 10:32:56.960,1.56795,1.56835,2.60,1.00
2009.09.02 10:32:57.190,1.56795,1.56835,2.60,1.00
2009.09.02 10:32:57.490,1.56795,1.56835,2.60,1.00
2009.09.02 10:32:57.830,1.56795,1.56835,2.60,1.00
2009.09.02 10:32:58.230,1.56795,1.56835,2.60,1.00
2009.09.02 10:32:58.570,1.56795,1.56835,2.60,1.00
2009.09.02 10:32:58.929,1.56795,1.56835,2.60,1.00
2009.09.02 10:32:59.279,1.56795,1.56835,2.60,1.00
2009.09.02 10:32:59.609,1.56795,1.56835,2.60,1.00
2009.09.02 10:32:59.999,1.568,1.56845,1.60,1.00
2009.09.02 10:33:00.349,1.568,1.56855,1.80,1.00
2009.09.02 10:33:00.649,1.568,1.5686,1.80,1.00
2009.09.02 10:33:05.008,1.5681,1.56865,1.80,1.00
2009.09.02 10:33:10.677,1.5681,1.56855,1.60,1.00
2009.09.02 10:33:25.133,1.56805,1.56855,1.80,1.00
2009.09.02 10:33:25.373,1.56805,1.56845,1.80,1.00
2009.09.02 10:33:26.403,1.568,1.56845,1.60,1.00
2009.09.02 10:33:27.543,1.568,1.56835,1.60,1.00
2009.09.02 10:33:27.723,1.56795,1.56835,2.60,1.00
2009.09.02 10:33:27.843,1.56795,1.56835,2.60,1.00
2009.09.02 10:33:28.013,1.56795,1.56835,2.60,1.00
2009.09.02 10:33:28.133,1.56795,1.56835,2.60,1.00
2009.09.02 10:33:28.302,1.56795,1.56835,2.60,1.00
2009.09.02 10:33:28.422,1.56795,1.56835,2.60,1.00
2009.09.02 10:33:28.782,1.56795,1.56835,2.60,1.00
2009.09.02 10:33:29.112,1.56795,1.56835,2.60,1.00
2009.09.02 10:33:29.462,1.56795,1.56835,2.60,1.00
2009.09.02 10:33:29.642,1.56795,1.56835,2.60,1.00
2009.09.02 10:33:29.702,1.56795,1.56835,2.60,1.00
2009.09.02 10:33:29.812,1.56795,1.56835,2.60,1.00
2009.09.02 10:33:29.972,1.56795,1.56835,2.60,1.00
2009.09.02 10:33:30.202,1.56795,1.56835,2.60,1.00
2009.09.02 10:33:30.312,1.56795,1.56835,2.60,1.00
2009.09.02 10:33:30.602,1.56795,1.56835,2.60,1.00
2009.09.02 10:33:30.942,1.56805,1.56845,1.80,1.00
2009.09.02 10:33:31.692,1.56795,1.56845,0.50,1.00
2009.09.02 10:33:31.992,1.56795,1.56835,0.50,1.00
2009.09.02 10:33:32.282,1.56795,1.56835,0.50,1.00
2009.09.02 10:33:32.622,1.56795,1.56835,0.50,1.00
2009.09.02 10:33:32.962,1.56795,1.56835,0.50,1.00
2009.09.02 10:33:33.311,1.56795,1.56835,0.50,1.00
2009.09.02 10:33:33.661,1.56795,1.56845,2.60,1.00
2009.09.02 10:33:33.952,1.56795,1.56845,2.60,1.00
2009.09.02 10:33:34.251,1.56795,1.56845,2.60,1.00
2009.09.02 10:33:34.481,1.56795,1.56845,2.60,1.00
2009.09.02 10:33:34.761,1.56795,1.56845,2.60,1.00
2009.09.02 10:33:34.991,1.56795,1.56845,2.60,1.00
2009.09.02 10:33:35.161,1.56795,1.56845,2.60,1.00
2009.09.02 10:33:35.331,1.56795,1.56845,2.60,1.00
2009.09.02 10:33:35.561,1.56805,1.56845,1.60,1.00
2009.09.02 10:33:35.731,1.56805,1.56845,1.80,1.00
2009.09.02 10:33:36.121,1.5681,1.56845,1.60,1.00
2009.09.02 10:33:36.450,1.5681,1.56855,1.60,1.00
2009.09.02 10:33:37.810,1.56815,1.56855,1.60,1.00
2009.09.02 10:33:38.090,1.5681,1.56855,1.60,1.00
2009.09.02 10:33:42.719,1.5682,1.5687,1.80,1.00
2009.09.02 10:33:43.039,1.5682,1.5687,1.80,1.00
2009.09.02 10:33:51.137,1.5681,1.56865,1.80,1.00
2009.09.02 10:33:51.317,1.568,1.56855,1.80,1.00
2009.09.02 10:33:51.547,1.568,1.56855,1.00,1.00
2009.09.02 10:33:53.866,1.56805,1.56855,1.60,1.00
2009.09.02 10:33:54.086,1.56815,1.56855,1.60,1.00
2009.09.02 10:33:54.306,1.56805,1.56855,1.80,1.00
2009.09.02 10:33:54.736,1.5681,1.5687,1.80,1.00
2009.09.02 10:33:54.976,1.5681,1.5687,1.80,1.00
2009.09.02 10:33:57.326,1.5681,1.56865,1.00,2.40
2009.09.02 10:33:58.915,1.5681,1.56865,1.00,2.60
2009.09.02 10:33:59.955,1.5681,1.5686,1.00,1.00
2009.09.02 10:34:01.154,1.5681,1.56865,1.60,1.00
2009.09.02 10:34:01.494,1.56805,1.5686,1.80,1.00
2009.09.02 10:34:02.884,1.56805,1.56855,1.80,1.00
2009.09.02 10:34:03.814,1.56815,1.56855,1.80,1.00
2009.09.02 10:34:07.483,1.5683,1.56865,1.00,1.00
2009.09.02 10:34:07.823,1.5682,1.56865,1.80,1.00
2009.09.02 10:34:07.873,1.56825,1.5687,1.60,1.00
2009.09.02 10:34:07.933,1.5683,1.5687,1.00,2.60
2009.09.02 10:34:08.053,1.5683,1.56865,1.00,1.00
2009.09.02 10:34:08.523,1.5683,1.5687,1.00,1.00
2009.09.02 10:34:10.963,1.56815,1.56855,1.80,1.00
2009.09.02 10:34:11.372,1.56815,1.5686,1.60,1.00
2009.09.02 10:34:11.762,1.5681,1.56865,1.80,1.00
2009.09.02 10:34:12.112,1.5681,1.5686,1.60,1.00
2009.09.02 10:34:12.452,1.5681,1.56865,1.80,1.00
2009.09.02 10:34:14.451,1.5681,1.56865,1.80,2.60
2009.09.02 10:34:14.971,1.5681,1.56855,1.60,1.00
2009.09.02 10:34:17.061,1.56815,1.56855,1.80,1.00
2009.09.02 10:34:23.399,1.5683,1.5686,1.00,1.00
2009.09.02 10:34:23.849,1.5683,1.5687,1.00,1.00
2009.09.02 10:34:31.567,1.5683,1.5687,1.00,1.00
2009.09.02 10:34:31.917,1.5684,1.56875,1.00,1.00
2009.09.02 10:34:32.267,1.5683,1.5688,1.80,1.00
2009.09.02 10:34:32.617,1.5683,1.56875,1.80,1.00
2009.09.02 10:34:32.967,1.5683,1.5688,1.80,1.00
2009.09.02 10:34:33.587,1.5682,1.56875,1.80,1.00
2009.09.02 10:34:35.726,1.5682,1.56875,2.60,1.00
2009.09.02 10:34:35.946,1.56835,1.5688,1.00,1.70
2009.09.02 10:34:36.126,1.56815,1.56875,1.80,1.00
2009.09.02 10:34:40.855,1.5683,1.5688,1.80,1.00
2009.09.02 10:34:45.924,1.5682,1.56875,1.80,1.00
2009.09.02 10:34:46.963,1.56835,1.5687,1.60,1.00
2009.09.02 10:34:47.303,1.56835,1.56875,1.60,1.70
2009.09.02 10:34:47.714,1.5684,1.5688,1.60,3.30
2009.09.02 10:34:47.934,1.5683,1.56875,1.60,1.60
2009.09.02 10:34:49.073,1.5683,1.56875,1.80,1.70
2009.09.02 10:34:49.593,1.5683,1.56875,1.80,2.50
2009.09.02 10:34:49.773,1.5683,1.5687,1.80,1.00
2009.09.02 10:34:50.163,1.5683,1.5687,1.60,1.70
2009.09.02 10:34:50.213,1.56825,1.5687,5.30,1.70
2009.09.02 10:34:50.333,1.56825,1.5687,5.30,1.00
2009.09.02 10:34:50.443,1.56825,1.5687,3.70,1.00
2009.09.02 10:34:52.712,1.56825,1.56865,3.70,1.00
2009.09.02 10:34:53.922,1.5683,1.56865,1.00,1.00
2009.09.02 10:35:03.819,1.56825,1.56855,1.00,1.00
2009.09.02 10:35:04.169,1.5682,1.5685,3.60,1.00
2009.09.02 10:35:07.179,1.5682,1.5685,3.20,1.00
2009.09.02 10:35:07.529,1.56815,1.56855,7.00,1.00
2009.09.02 10:35:07.708,1.56825,1.56855,1.00,1.00
2009.09.02 10:35:09.758,1.56815,1.56855,7.00,1.00
2009.09.02 10:35:09.988,1.56815,1.56855,3.70,1.00
2009.09.02 10:35:10.218,1.56815,1.56855,3.30,1.00
2009.09.02 10:35:11.138,1.56815,1.5685,3.30,1.00
2009.09.02 10:35:14.097,1.56815,1.56845,3.30,1.00
2009.09.02 10:35:14.437,1.56815,1.56845,1.00,1.00
2009.09.02 10:35:17.326,1.56805,1.56845,3.70,1.00
2009.09.02 10:35:17.616,1.56805,1.5684,1.00,1.60
2009.09.02 10:35:17.896,1.56805,1.56835,1.00,1.00
2009.09.02 10:35:20.086,1.56795,1.56835,0.50,1.00
2009.09.02 10:35:20.196,1.56795,1.56835,0.50,1.00
2009.09.02 10:35:20.315,1.56795,1.56835,0.50,1.00
2009.09.02 10:35:20.425,1.56795,1.56835,0.50,1.00
2009.09.02 10:35:20.535,1.56795,1.56835,0.50,1.00
2009.09.02 10:35:20.655,1.56795,1.56835,0.50,1.00
2009.09.02 10:35:20.995,1.56795,1.5683,0.50,1.00
2009.09.02 10:35:21.355,1.56795,1.5683,0.50,1.00
2009.09.02 10:35:21.695,1.56795,1.5683,0.50,1.00
2009.09.02 10:35:22.095,1.56795,1.5683,0.50,1.00
2009.09.02 10:35:22.445,1.56795,1.5683,0.50,1.00
2009.09.02 10:35:22.785,1.56795,1.5683,0.50,1.00
2009.09.02 10:35:23.125,1.56795,1.5683,0.50,1.00
2009.09.02 10:35:23.415,1.56795,1.5683,0.50,1.00
2009.09.02 10:35:23.765,1.56795,1.5682,0.30,1.00
2009.09.02 10:35:24.114,1.56795,1.5682,0.30,1.00
2009.09.02 10:35:24.504,1.56795,1.5682,0.30,1.00
2009.09.02 10:35:24.844,1.56795,1.5682,0.30,1.00
2009.09.02 10:35:24.964,1.56795,1.5682,0.30,1.00
2009.09.02 10:35:25.134,1.56795,1.5682,0.30,1.00
2009.09.02 10:35:25.304,1.56795,1.5682,0.30,1.00
2009.09.02 10:35:25.474,1.56795,1.5682,0.30,1.00
2009.09.02 10:35:25.654,1.56795,1.5682,0.30,1.00
2009.09.02 10:35:25.824,1.56795,1.5682,0.30,1.00
2009.09.02 10:35:26.164,1.56795,1.5682,0.30,1.00
2009.09.02 10:35:26.514,1.56795,1.5682,0.30,1.00
2009.09.02 10:35:26.864,1.56795,1.5682,0.30,1.00
2009.09.02 10:35:27.094,1.56795,1.5682,0.30,1.00
2009.09.02 10:35:27.334,1.56795,1.5682,0.30,1.00
2009.09.02 10:35:27.564,1.56795,1.5682,0.30,1.00
2009.09.02 10:35:27.854,1.56795,1.5682,0.30,1.00
2009.09.02 10:35:28.084,1.56795,1.56815,0.30,1.00
2009.09.02 10:35:28.384,1.56795,1.5681,0.30,1.00
2009.09.02 10:35:28.683,1.56795,1.5681,0.30,1.00
2009.09.02 10:35:28.964,1.56795,1.5682,0.30,1.70
2009.09.02 10:35:29.254,1.56795,1.5681,0.30,1.00
2009.09.02 10:35:29.593,1.56795,1.5682,0.30,1.70
2009.09.02 10:35:29.933,1.56795,1.5682,0.30,1.70
2009.09.02 10:35:30.263,1.56795,1.5681,0.30,1.00
2009.09.02 10:35:30.613,1.56795,1.5682,0.30,1.70
2009.09.02 10:35:31.003,1.56795,1.5682,0.30,1.70
2009.09.02 10:35:31.363,1.56795,1.5682,0.30,1.70
2009.09.02 10:35:31.663,1.56795,1.5681,0.30,1.00
2009.09.02 10:35:31.993,1.56795,1.5681,0.30,1.00
2009.09.02 10:35:32.283,1.56795,1.5681,0.30,1.00
2009.09.02 10:35:32.523,1.56795,1.5681,0.30,1.00
2009.09.02 10:35:32.753,1.56795,1.5681,0.30,1.00
2009.09.02 10:35:32.992,1.56795,1.5682,0.30,1.00
2009.09.02 10:35:33.222,1.56795,1.5682,0.30,1.00
2009.09.02 10:35:33.512,1.56795,1.5682,0.30,1.00
2009.09.02 10:35:33.862,1.56795,1.5682,0.30,1.00
2009.09.02 10:35:34.222,1.56795,1.5682,0.30,1.00
2009.09.02 10:35:34.562,1.56795,1.5682,0.30,1.00
2009.09.02 10:35:34.912,1.56795,1.5682,0.30,1.00
2009.09.02 10:35:35.142,1.56795,1.5682,0.30,1.00
2009.09.02 10:35:35.462,1.56795,1.5682,0.30,1.70
2009.09.02 10:35:35.682,1.56795,1.5681,0.30,1.00
2009.09.02 10:35:36.032,1.56795,1.5681,0.30,1.00
2009.09.02 10:35:36.432,1.56795,1.5681,0.30,1.00
2009.09.02 10:35:36.782,1.56795,1.5681,0.30,1.00
2009.09.02 10:35:37.071,1.56795,1.5682,0.30,2.50
2009.09.02 10:35:37.361,1.56795,1.5681,0.30,1.00
2009.09.02 10:35:37.651,1.56795,1.5681,0.30,1.00
2009.09.02 10:35:37.891,1.56795,1.5681,0.30,1.00
2009.09.02 10:35:38.131,1.56795,1.5681,0.30,1.00
2009.09.02 10:35:38.351,1.56795,1.5681,0.30,1.00
2009.09.02 10:35:38.531,1.56795,1.5681,0.30,1.00
2009.09.02 10:35:38.701,1.56795,1.5681,0.30,1.00
2009.09.02 10:35:39.051,1.56795,1.5681,0.30,1.00
2009.09.02 10:35:39.401,1.56795,1.5681,0.30,1.00
2009.09.02 10:35:39.791,1.56795,1.5681,0.30,1.00
2009.09.02 10:35:40.131,1.56795,1.5681,0.30,1.00
2009.09.02 10:35:40.241,1.56795,1.5681,0.30,1.00
2009.09.02 10:35:40.421,1.56795,1.5681,0.30,1.00
2009.09.02 10:35:40.581,1.56795,1.5681,0.30,1.00
2009.09.02 10:35:40.811,1.56795,1.5681,0.30,1.00
2009.09.02 10:35:41.151,1.56795,1.5681,0.30,1.00
2009.09.02 10:35:41.490,1.56795,1.5681,0.30,1.00
2009.09.02 10:35:41.830,1.56795,1.5681,0.30,1.00
2009.09.02 10:35:42.060,1.56795,1.5681,0.30,1.00
2009.09.02 10:35:42.300,1.56795,1.5681,0.30,1.00
2009.09.02 10:35:42.530,1.56795,1.5681,0.30,1.00
2009.09.02 10:35:42.820,1.56795,1.5681,0.30,1.00
2009.09.02 10:35:43.060,1.56795,1.5681,0.30,1.00
2009.09.02 10:35:43.300,1.56795,1.5681,0.30,1.00
2009.09.02 10:35:43.570,1.56795,1.5681,0.30,1.00
2009.09.02 10:35:43.800,1.56795,1.5681,0.30,1.00
2009.09.02 10:35:43.980,1.56795,1.5681,0.30,1.00
2009.09.02 10:35:44.280,1.56795,1.5681,0.30,1.00
2009.09.02 10:35:44.620,1.56795,1.5681,0.30,1.00
2009.09.02 10:35:44.950,1.56795,1.5681,0.30,1.00
2009.09.02 10:35:45.353,1.56795,1.5681,0.30,1.00
2009.09.02 10:35:45.470,1.56795,1.5681,0.30,1.00
2009.09.02 10:35:45.649,1.56795,1.5681,0.30,1.00
2009.09.02 10:35:46.030,1.56795,1.5681,0.30,1.00
2009.09.02 10:35:46.149,1.56795,1.5681,0.30,1.00
2009.09.02 10:35:46.539,1.56795,1.5681,0.30,1.00
2009.09.02 10:35:46.889,1.56795,1.5681,0.30,1.00
2009.09.02 10:35:47.239,1.56795,1.5681,0.30,1.00
2009.09.02 10:35:47.589,1.56795,1.5681,0.30,1.00
2009.09.02 10:35:47.949,1.56795,1.5681,0.30,1.00
2009.09.02 10:35:48.289,1.56795,1.5681,0.30,1.00
2009.09.02 10:35:48.579,1.56795,1.5681,0.30,1.00
2009.09.02 10:35:48.928,1.56795,1.5681,0.30,1.00
2009.09.02 10:35:49.279,1.56795,1.5681,0.30,1.00
2009.09.02 10:35:49.609,1.56795,1.5681,0.30,1.00
2009.09.02 10:35:49.788,1.56795,1.5681,0.30,1.00
2009.09.02 10:35:50.018,1.56795,1.5681,0.30,1.00
2009.09.02 10:35:50.078,1.56795,1.5681,0.30,1.00
2009.09.02 10:35:50.188,1.56795,1.5681,0.30,1.00
2009.09.02 10:35:50.308,1.56795,1.5682,0.30,1.00
2009.09.02 10:35:50.419,1.56795,1.5682,0.30,1.00
2009.09.02 10:35:50.758,1.56795,1.5682,0.30,1.00
2009.09.02 10:35:51.108,1.56795,1.5682,0.30,1.00
2009.09.02 10:35:51.458,1.56795,1.5682,0.30,1.00
2009.09.02 10:35:51.788,1.56795,1.5682,0.30,1.00
2009.09.02 10:35:52.148,1.56795,1.5682,0.30,1.70
2009.09.02 10:35:52.548,1.56795,1.5681,0.30,1.00
2009.09.02 10:35:52.668,1.56795,1.5682,0.30,1.70
2009.09.02 10:35:52.828,1.56795,1.5682,0.30,1.00
2009.09.02 10:35:52.938,1.56795,1.5682,0.30,1.00
2009.09.02 10:35:53.108,1.56795,1.5682,0.30,1.00
2009.09.02 10:35:53.217,1.56795,1.5682,0.30,1.00
2009.09.02 10:35:53.387,1.56795,1.5682,0.30,1.00
2009.09.02 10:35:53.507,1.56795,1.5682,0.30,1.00
2009.09.02 10:35:53.678,1.56795,1.5682,0.30,1.00
2009.09.02 10:35:54.017,1.56795,1.5682,0.30,1.00
2009.09.02 10:35:54.367,1.56795,1.5682,0.30,1.00
2009.09.02 10:35:54.727,1.56795,1.5682,0.30,1.00
2009.09.02 10:35:55.067,1.56795,1.5682,0.30,1.00
2009.09.02 10:35:55.127,1.56795,1.5682,0.30,1.00
2009.09.02 10:35:55.357,1.56795,1.5682,0.30,1.00
2009.09.02 10:35:55.467,1.56795,1.5682,0.30,1.00
2009.09.02 10:35:55.527,1.56795,1.5682,0.30,1.00
2009.09.02 10:35:55.767,1.56795,1.5682,0.30,1.00
2009.09.02 10:35:55.827,1.56795,1.5682,0.30,1.00
2009.09.02 10:35:56.127,1.56795,1.5682,0.30,1.00
2009.09.02 10:35:56.527,1.56795,1.5682,0.30,1.00
2009.09.02 10:35:56.867,1.56795,1.5682,0.30,1.00
2009.09.02 10:35:57.087,1.56795,1.5682,0.30,1.00
2009.09.02 10:35:57.316,1.56795,1.5682,0.30,1.00
2009.09.02 10:35:57.556,1.56795,1.5682,0.30,1.00
2009.09.02 10:35:57.846,1.56795,1.5682,0.30,1.00
2009.09.02 10:35:58.086,1.56795,1.5682,0.30,1.00
2009.09.02 10:35:58.316,1.56795,1.5682,0.30,1.00
2009.09.02 10:35:58.596,1.56795,1.5683,0.30,1.60
2009.09.02 10:35:58.886,1.56795,1.5684,2.40,1.00
2009.09.02 10:35:59.166,1.56795,1.5684,2.40,1.00
2009.09.02 10:35:59.526,1.56795,1.5684,2.40,1.00
2009.09.02 10:35:59.866,1.56795,1.5684,2.40,1.00
2009.09.02 10:36:00.256,1.56795,1.5684,2.40,1.00
2009.09.02 10:36:00.546,1.56795,1.5684,2.40,1.00
2009.09.02 10:36:00.876,1.56795,1.5684,2.40,1.00
2009.09.02 10:36:01.206,1.56795,1.5684,2.40,1.00
2009.09.02 10:36:01.506,1.56795,1.5684,2.40,1.00
2009.09.02 10:36:01.856,1.56795,1.5684,2.40,1.00
2009.09.02 10:36:02.385,1.56795,1.5684,2.40,1.00
2009.09.02 10:36:02.675,1.56795,1.5684,2.40,1.00
2009.09.02 10:36:02.975,1.56795,1.5684,2.40,1.00
2009.09.02 10:36:03.255,1.56795,1.5684,2.40,1.00
2009.09.02 10:36:03.435,1.56795,1.5684,2.40,1.00
2009.09.02 10:36:03.675,1.56795,1.5684,2.40,1.00
2009.09.02 10:36:03.905,1.568,1.5684,1.00,1.00
2009.09.02 10:36:04.135,1.5681,1.5684,1.60,1.00
2009.09.02 10:36:04.355,1.56815,1.56855,1.00,1.00
2009.09.02 10:36:04.655,1.5681,1.5685,1.80,1.00
2009.09.02 10:36:04.925,1.5681,1.5685,1.00,5.30
2009.09.02 10:36:05.205,1.56795,1.5685,2.60,6.10
2009.09.02 10:36:05.495,1.56795,1.5685,2.60,1.00
2009.09.02 10:36:05.825,1.568,1.56845,1.00,1.00
2009.09.02 10:36:06.874,1.568,1.5684,1.00,1.00
2009.09.02 10:36:11.093,1.568,1.56835,1.00,1.00
2009.09.02 10:36:13.403,1.568,1.5683,1.00,1.00
2009.09.02 10:36:13.633,1.568,1.56835,1.00,1.00
2009.09.02 10:36:13.862,1.56805,1.5684,1.00,1.00
2009.09.02 10:36:14.612,1.568,1.5683,1.00,1.00
2009.09.02 10:36:18.132,1.56795,1.56825,0.30,1.00
2009.09.02 10:36:18.311,1.56795,1.56825,0.30,1.00
2009.09.02 10:36:18.701,1.56795,1.56825,0.30,1.00
2009.09.02 10:36:19.051,1.56795,1.56825,0.30,1.00
2009.09.02 10:36:19.401,1.56795,1.56825,0.30,1.00
2009.09.02 10:36:19.571,1.56795,1.56825,0.30,1.00
2009.09.02 10:36:19.801,1.56795,1.56825,0.30,1.00
2009.09.02 10:36:20.031,1.56795,1.56825,0.30,1.00
2009.09.02 10:36:20.271,1.56795,1.56825,0.30,1.00
2009.09.02 10:36:20.511,1.56795,1.56825,0.30,1.00
2009.09.02 10:36:20.741,1.56795,1.56825,0.30,1.00
2009.09.02 10:36:20.981,1.56795,1.56825,0.30,1.00
2009.09.02 10:36:21.341,1.56795,1.56825,0.30,1.00
2009.09.02 10:36:21.701,1.56795,1.56825,0.30,1.00
2009.09.02 10:36:22.051,1.56795,1.56825,0.30,1.00
2009.09.02 10:36:22.581,1.56795,1.56825,0.30,1.00
2009.09.02 10:36:22.640,1.56795,1.56825,0.30,1.00
2009.09.02 10:36:22.750,1.56795,1.56825,0.30,1.00
2009.09.02 10:36:22.811,1.56795,1.56825,0.30,1.00
2009.09.02 10:36:22.920,1.56795,1.56825,0.30,1.00
2009.09.02 10:36:23.150,1.56795,1.56825,0.30,1.00
2009.09.02 10:36:23.210,1.56795,1.56825,0.30,1.00
2009.09.02 10:36:23.440,1.56795,1.56825,0.30,1.00
2009.09.02 10:36:23.620,1.56795,1.56825,0.30,1.00
2009.09.02 10:36:23.970,1.56795,1.56825,0.30,1.00
2009.09.02 10:36:24.310,1.56795,1.56825,0.30,1.00
2009.09.02 10:36:24.600,1.56795,1.56825,0.30,1.00
2009.09.02 10:36:24.990,1.56795,1.56825,0.30,1.00
2009.09.02 10:36:25.330,1.56795,1.56825,0.30,1.00
2009.09.02 10:36:25.670,1.56795,1.5682,0.30,1.00
2009.09.02 10:36:25.900,1.56795,1.5682,0.30,1.00
2009.09.02 10:36:26.130,1.56795,1.5682,0.30,1.00
2009.09.02 10:36:26.359,1.56795,1.5682,0.30,1.00
2009.09.02 10:36:26.640,1.56795,1.5682,0.30,1.00
2009.09.02 10:36:26.879,1.56795,1.5682,0.30,1.00
2009.09.02 10:36:27.169,1.56795,1.5682,0.30,1.00
2009.09.02 10:36:27.469,1.56795,1.5682,0.30,1.00
2009.09.02 10:36:27.769,1.56795,1.5682,0.30,1.00
2009.09.02 10:36:27.929,1.56795,1.5682,0.30,1.00
2009.09.02 10:36:28.109,1.56795,1.5682,0.30,1.00
2009.09.02 10:36:28.159,1.56795,1.5682,0.30,1.00
2009.09.02 10:36:28.219,1.56795,1.56815,0.30,1.00
2009.09.02 10:36:28.279,1.56795,1.56815,0.30,1.00
2009.09.02 10:36:28.339,1.56795,1.56815,0.30,1.00
2009.09.02 10:36:28.449,1.56795,1.56815,0.30,1.00
2009.09.02 10:36:28.499,1.56795,1.56815,0.30,1.00
2009.09.02 10:36:28.559,1.56795,1.56815,0.30,1.00
2009.09.02 10:36:28.609,1.56795,1.56815,0.30,1.00
2009.09.02 10:36:28.729,1.56795,1.56815,0.30,1.00
2009.09.02 10:36:29.069,1.56795,1.56815,0.30,1.00
2009.09.02 10:36:29.429,1.56795,1.56815,0.30,1.00
2009.09.02 10:36:29.769,1.56795,1.5682,0.30,1.00
2009.09.02 10:36:30.009,1.56795,1.5682,0.30,1.00
2009.09.02 10:36:30.119,1.56795,1.5682,0.30,1.00
2009.09.02 10:36:30.179,1.56795,1.5682,0.30,1.00
2009.09.02 10:36:30.289,1.56795,1.5682,0.30,1.00
2009.09.02 10:36:30.349,1.56795,1.5682,0.30,1.00
2009.09.02 10:36:30.409,1.56795,1.5682,0.30,1.00
2009.09.02 10:36:30.519,1.56795,1.5682,0.30,1.00
2009.09.02 10:36:30.629,1.56795,1.5682,0.30,1.00
2009.09.02 10:36:30.679,1.56795,1.5682,0.30,1.00
2009.09.02 10:36:31.038,1.56795,1.5682,0.30,1.00
2009.09.02 10:36:31.388,1.56795,1.5682,0.30,1.00
2009.09.02 10:36:31.748,1.56795,1.5682,0.30,1.00
2009.09.02 10:36:32.078,1.56795,1.5682,0.30,1.00
2009.09.02 10:36:32.358,1.56795,1.5682,0.30,1.00
2009.09.02 10:36:32.658,1.56795,1.5682,0.30,1.00
2009.09.02 10:36:32.888,1.56795,1.56815,0.30,1.00
2009.09.02 10:36:33.168,1.56795,1.56815,0.30,1.00
2009.09.02 10:36:33.458,1.56795,1.56815,0.30,1.00
2009.09.02 10:36:33.728,1.56795,1.56815,0.30,1.00
2009.09.02 10:36:33.998,1.56795,1.56815,0.30,1.00
2009.09.02 10:36:34.358,1.56795,1.56815,0.30,1.00
2009.09.02 10:36:34.698,1.56795,1.56815,0.30,1.00
2009.09.02 10:36:34.998,1.56795,1.56815,0.30,1.00
2009.09.02 10:36:35.238,1.56795,1.56815,0.30,1.00
2009.09.02 10:36:35.297,1.56795,1.56815,0.30,1.00
2009.09.02 10:36:35.537,1.56795,1.56815,0.30,1.00
2009.09.02 10:36:35.647,1.56795,1.56815,0.30,1.00
2009.09.02 10:36:35.887,1.56795,1.56815,0.30,1.00
2009.09.02 10:36:35.947,1.56795,1.56815,0.30,1.00
2009.09.02 10:36:36.047,1.56795,1.56815,0.30,1.00
2009.09.02 10:36:36.107,1.56795,1.56815,0.30,1.00
2009.09.02 10:36:36.467,1.56795,1.56815,0.30,1.00
2009.09.02 10:36:36.807,1.56795,1.56815,0.30,1.00
2009.09.02 10:36:37.157,1.56795,1.56815,0.30,1.00
2009.09.02 10:36:37.487,1.56795,1.56815,0.30,1.00
2009.09.02 10:36:37.837,1.56795,1.56815,0.30,1.00
2009.09.02 10:36:38.177,1.56795,1.56815,0.30,1.00
2009.09.02 10:36:38.517,1.56795,1.56815,0.30,1.00
2009.09.02 10:36:38.757,1.56795,1.56815,0.30,1.00
2009.09.02 10:36:39.046,1.56795,1.56815,0.30,1.00
2009.09.02 10:36:39.387,1.56795,1.56815,0.30,1.00
2009.09.02 10:36:39.736,1.56795,1.56815,0.30,1.00
2009.09.02 10:36:40.076,1.56795,1.56815,0.30,1.00
2009.09.02 10:36:40.406,1.56795,1.56815,0.30,1.00
2009.09.02 10:36:40.576,1.56795,1.56815,0.30,1.00
2009.09.02 10:36:40.816,1.56795,1.56815,0.30,1.00
2009.09.02 10:36:41.116,1.56795,1.56815,0.30,1.00
2009.09.02 10:36:41.296,1.56795,1.56815,0.30,1.00
2009.09.02 10:36:41.506,1.56795,1.56815,0.30,1.00
2009.09.02 10:36:41.786,1.56795,1.56815,0.30,1.00
2009.09.02 10:36:42.136,1.56795,1.56815,0.30,1.00
2009.09.02 10:36:42.496,1.56795,1.56815,0.30,1.00
2009.09.02 10:36:42.846,1.56795,1.56815,0.30,1.00
2009.09.02 10:36:43.226,1.56795,1.56815,0.30,1.00
2009.09.02 10:36:43.575,1.56795,1.56815,0.30,1.00
2009.09.02 10:36:43.925,1.56795,1.56815,0.30,1.00
2009.09.02 10:36:46.115,1.56795,1.56815,0.30,1.00
2009.09.02 10:36:46.465,1.56795,1.56815,0.30,1.00
2009.09.02 10:36:46.805,1.56795,1.56815,0.30,1.00
2009.09.02 10:36:47.145,1.56795,1.56815,0.30,1.00
2009.09.02 10:36:47.384,1.56795,1.56815,0.30,1.00
2009.09.02 10:36:47.784,1.56795,1.56815,0.30,1.00
2009.09.02 10:36:48.084,1.56795,1.56815,0.30,1.00
2009.09.02 10:36:48.414,1.56795,1.56815,0.30,1.00
2009.09.02 10:36:48.644,1.56795,1.56815,0.30,1.00
2009.09.02 10:36:48.874,1.56795,1.56815,0.30,1.00
2009.09.02 10:36:49.114,1.56795,1.56815,0.30,1.00
2009.09.02 10:36:49.324,1.56795,1.56815,0.30,1.00
2009.09.02 10:36:49.564,1.56795,1.56815,0.30,1.00
2009.09.02 10:36:49.914,1.56795,1.56815,0.30,1.00
2009.09.02 10:36:50.384,1.56795,1.56815,0.30,1.00
2009.09.02 10:36:50.504,1.56795,1.56815,0.30,1.00
2009.09.02 10:36:50.564,1.56795,1.56815,0.30,1.00
2009.09.02 10:36:50.674,1.56795,1.5681,0.30,5.20
2009.09.02 10:36:50.734,1.56795,1.568,0.30,1.00
2009.09.02 10:36:50.794,1.56795,1.568,0.30,1.00
2009.09.02 10:36:50.914,1.56795,1.568,0.30,2.40
2009.09.02 10:36:50.974,1.5675,1.5679,8.40,1.60
2009.09.02 10:36:51.094,1.56795,1.568,0.30,2.40
2009.09.02 10:36:51.154,1.56795,1.568,0.30,1.00
2009.09.02 10:36:51.214,1.56795,1.568,0.30,1.00
2009.09.02 10:36:51.273,1.56795,1.568,0.30,1.00
2009.09.02 10:36:51.334,1.56795,1.568,0.30,1.00
2009.09.02 10:36:51.394,1.56795,1.568,0.30,1.00
2009.09.02 10:36:51.733,1.56795,1.5681,0.30,1.00
2009.09.02 10:36:54.883,1.56745,1.5679,7.00,1.60
2009.09.02 10:36:54.943,1.56745,1.5679,7.00,1.70
2009.09.02 10:36:55.103,1.56745,1.5679,3.70,1.50
2009.09.02 10:36:55.163,1.56745,1.5679,1.00,1.50
2009.09.02 10:36:55.223,1.5674,1.56785,8.40,1.50
2009.09.02 10:36:55.273,1.5674,1.5678,8.40,1.00
2009.09.02 10:36:55.383,1.5674,1.5678,5.20,1.00
2009.09.02 10:36:55.443,1.5674,1.5678,3.60,2.40
2009.09.02 10:36:55.502,1.5674,1.5678,1.00,5.60
2009.09.02 10:36:55.553,1.5674,1.56775,1.00,1.30
2009.09.02 10:36:55.663,1.56745,1.56775,1.60,1.30
2009.09.02 10:36:56.012,1.56745,1.5681,1.60,1.00
2009.09.02 10:36:58.722,1.56745,1.568,1.80,1.00
2009.09.02 10:37:01.911,1.5675,1.568,1.00,1.00
2009.09.02 10:37:21.057,1.5675,1.568,1.00,1.00
2009.09.02 10:37:22.396,1.5675,1.5681,2.60,1.00
2009.09.02 10:37:22.806,1.56755,1.5681,1.00,1.00
2009.09.02 10:37:24.426,1.5676,1.5681,1.00,1.00
2009.09.02 10:37:27.365,1.5676,1.56795,1.00,1.00
2009.09.02 10:37:27.705,1.56735,1.56785,1.00,1.60
2009.09.02 10:37:30.844,1.5674,1.56785,1.00,1.70
2009.09.02 10:37:31.874,1.5675,1.56795,1.60,1.00
2009.09.02 10:37:32.234,1.5676,1.5681,1.00,1.00
2009.09.02 10:37:35.713,1.5676,1.5681,1.00,1.00
2009.09.02 10:37:44.991,1.56765,1.5681,1.00,1.00
2009.09.02 10:37:52.679,1.5676,1.5681,1.00,1.00
2009.09.02 10:37:58.218,1.5676,1.5681,1.00,1.00
2009.09.02 10:37:58.897,1.56765,1.5681,1.00,1.00
2009.09.02 10:38:31.229,1.56755,1.5679,1.00,1.60
2009.09.02 10:38:31.399,1.56745,1.5679,1.00,1.60
2009.09.02 10:38:32.289,1.5675,1.5679,1.00,1.60
2009.09.02 10:38:32.579,1.56755,1.568,1.00,1.00
2009.09.02 10:38:33.219,1.56755,1.56785,1.00,1.60
2009.09.02 10:38:33.459,1.56745,1.56785,1.80,1.60
2009.09.02 10:38:33.679,1.56755,1.5681,1.00,1.00
2009.09.02 10:38:36.429,1.5675,1.568,1.00,1.00
2009.09.02 10:38:36.648,1.5675,1.56795,1.00,1.00
2009.09.02 10:38:36.998,1.56745,1.5679,1.00,1.00
2009.09.02 10:38:37.358,1.5674,1.5679,1.00,1.00
2009.09.02 10:38:37.739,1.5674,1.5678,1.60,1.00
2009.09.02 10:38:37.958,1.5674,1.5679,1.60,1.00
2009.09.02 10:38:38.188,1.5674,1.5679,2.40,1.00
2009.09.02 10:38:46.646,1.5675,1.5679,1.80,1.00
2009.09.02 10:38:49.915,1.56745,1.5679,1.00,5.30
2009.09.02 10:38:50.245,1.5674,1.56775,1.60,1.60
2009.09.02 10:38:50.595,1.5674,1.56795,1.60,1.00
2009.09.02 10:38:50.945,1.5674,1.56795,2.40,1.00
2009.09.02 10:38:52.234,1.5674,1.5678,2.40,1.00
2009.09.02 10:38:52.584,1.56725,1.5677,4.50,1.60
2009.09.02 10:38:56.043,1.56725,1.5677,4.50,1.70
2009.09.02 10:38:56.843,1.56725,1.56765,4.50,1.00
2009.09.02 10:38:57.883,1.5673,1.56765,3.60,1.00
2009.09.02 10:38:58.173,1.56725,1.56765,4.10,1.00
2009.09.02 10:38:58.353,1.5674,1.5677,1.60,1.60
2009.09.02 10:38:58.473,1.5674,1.56795,1.60,1.00
2009.09.02 10:38:59.443,1.5674,1.56795,2.40,1.00
2009.09.02 10:39:00.922,1.5674,1.5679,2.60,1.00
2009.09.02 10:39:01.742,1.5675,1.5679,1.60,1.00
2009.09.02 10:39:02.032,1.56755,1.568,1.60,1.00
2009.09.02 10:39:05.201,1.56745,1.56785,1.00,1.60
2009.09.02 10:39:05.382,1.5674,1.56785,1.00,1.60
2009.09.02 10:39:05.551,1.5674,1.56785,3.30,1.60
2009.09.02 10:39:05.661,1.56745,1.5679,1.00,1.60
2009.09.02 10:39:06.181,1.5674,1.5679,5.60,1.60
2009.09.02 10:39:06.231,1.5674,1.5678,1.00,1.60
2009.09.02 10:39:06.581,1.56735,1.5678,5.70,1.60
2009.09.02 10:39:08.610,1.56735,1.56775,4.10,1.00
2009.09.02 10:39:08.840,1.56735,1.5678,5.70,1.70
2009.09.02 10:39:10.040,1.56735,1.56775,5.70,1.00
2009.09.02 10:39:12.039,1.5674,1.5678,1.00,1.70
2009.09.02 10:39:12.339,1.5674,1.5678,4.90,1.00
2009.09.02 10:39:12.739,1.56745,1.56775,1.00,1.00
2009.09.02 10:39:20.377,1.5675,1.56765,1.60,1.00
2009.09.02 10:39:20.547,1.5675,1.56805,1.60,1.00
2009.09.02 10:39:21.927,1.5675,1.5679,1.60,1.00
2009.09.02 10:39:24.386,1.5674,1.5679,2.40,1.00
2009.09.02 10:39:24.786,1.56745,1.568,1.60,1.00
2009.09.02 10:39:25.126,1.56745,1.568,1.00,1.80
2009.09.02 10:39:25.456,1.5675,1.5679,2.40,1.00
2009.09.02 10:39:25.856,1.56755,1.568,1.60,1.00
2009.09.02 10:39:26.206,1.5675,1.568,2.60,1.00
2009.09.02 10:39:26.566,1.5675,1.5679,1.80,1.00
2009.09.02 10:39:26.856,1.5675,1.5679,2.60,1.00
2009.09.02 10:39:27.206,1.5675,1.5679,1.80,1.00
2009.09.02 10:39:28.725,1.56755,1.568,1.60,1.00
2009.09.02 10:39:31.584,1.56755,1.56795,1.60,1.00
2009.09.02 10:39:31.984,1.56745,1.5679,1.00,1.60
2009.09.02 10:39:33.864,1.56745,1.5679,1.00,1.70
2009.09.02 10:39:34.384,1.5676,1.56815,1.60,1.00
2009.09.02 10:39:34.664,1.5676,1.56815,2.40,1.00
2009.09.02 10:39:34.894,1.5676,1.56805,1.00,1.00
2009.09.02 10:39:35.124,1.56755,1.56805,4.00,1.00
2009.09.02 10:39:35.353,1.56755,1.56805,7.20,1.00
2009.09.02 10:39:35.574,1.56765,1.568,1.00,1.00
2009.09.02 10:39:41.742,1.5677,1.568,1.00,1.00
2009.09.02 10:39:42.872,1.56775,1.5681,1.00,1.00
2009.09.02 10:39:46.001,1.5677,1.56805,1.00,1.00
2009.09.02 10:39:46.231,1.56765,1.56805,3.30,1.70
2009.09.02 10:39:49.770,1.56765,1.568,3.30,1.00
2009.09.02 10:39:51.489,1.5677,1.568,1.60,1.00
2009.09.02 10:39:51.720,1.56775,1.56805,1.00,1.00
2009.09.02 10:39:52.009,1.5677,1.568,1.60,1.00
2009.09.02 10:39:52.299,1.56775,1.56805,1.00,1.00
2009.09.02 10:39:52.899,1.5677,1.568,1.60,1.00
2009.09.02 10:39:53.249,1.56775,1.56805,1.00,1.00
2009.09.02 10:39:53.419,1.5677,1.568,1.60,1.00
2009.09.02 10:39:54.449,1.5677,1.56805,1.00,1.60
2009.09.02 10:39:54.799,1.5677,1.568,1.00,1.00
2009.09.02 10:39:55.189,1.56765,1.568,1.00,1.00
2009.09.02 10:39:55.529,1.5676,1.568,1.00,1.00
2009.09.02 10:39:55.879,1.56765,1.568,1.00,1.00
2009.09.02 10:39:56.228,1.56765,1.568,1.00,1.00
2009.09.02 10:39:57.888,1.56765,1.5679,1.00,1.00
2009.09.02 10:39:58.468,1.5676,1.5679,1.00,1.00
2009.09.02 10:40:03.537,1.56765,1.56795,1.80,1.60
2009.09.02 10:40:03.767,1.56765,1.5681,2.60,1.00
2009.09.02 10:40:08.006,1.5677,1.5681,1.00,1.00
2009.09.02 10:40:08.915,1.56765,1.56805,1.00,1.00
2009.09.02 10:40:09.205,1.5676,1.56795,1.00,1.60
2009.09.02 10:40:12.844,1.5676,1.56795,1.00,1.70
2009.09.02 10:40:16.764,1.5675,1.5678,1.00,1.00
2009.09.02 10:40:19.473,1.56755,1.56785,1.80,1.60
2009.09.02 10:40:19.713,1.56755,1.568,2.60,1.00
2009.09.02 10:40:20.773,1.5676,1.5681,1.60,1.00
2009.09.02 10:40:22.662,1.5676,1.5681,2.40,1.00
2009.09.02 10:40:23.002,1.5676,1.5681,2.60,1.00
2009.09.02 10:40:23.352,1.5676,1.568,1.00,1.00
2009.09.02 10:40:23.472,1.5676,1.568,1.00,1.00
2009.09.02 10:40:26.081,1.56745,1.56795,1.00,1.00
2009.09.02 10:40:26.241,1.56745,1.56795,1.80,1.00
2009.09.02 10:40:28.671,1.5676,1.568,1.00,1.00
2009.09.02 10:41:01.493,1.5676,1.5681,1.00,1.00
2009.09.02 10:41:02.183,1.5676,1.5681,1.00,1.00
2009.09.02 10:41:02.892,1.5677,1.5682,1.80,1.00
2009.09.02 10:41:03.243,1.5677,1.5681,1.00,1.00
2009.09.02 10:41:03.573,1.5677,1.5682,1.80,1.00
2009.09.02 10:41:06.032,1.5677,1.5682,1.00,1.00
2009.09.02 10:41:06.212,1.56765,1.56815,1.00,1.00
2009.09.02 10:41:07.211,1.56765,1.5681,1.00,1.00
2009.09.02 10:41:07.561,1.5676,1.5681,2.60,1.00
2009.09.02 10:41:10.931,1.5676,1.568,2.60,1.00
2009.09.02 10:41:11.270,1.5676,1.5681,2.60,1.00
2009.09.02 10:41:17.049,1.5677,1.5681,1.00,1.00
2009.09.02 10:41:17.849,1.5677,1.5682,2.60,1.00
2009.09.02 10:41:21.558,1.5677,1.56815,1.00,1.00
2009.09.02 10:41:21.828,1.56765,1.56815,1.00,1.00
2009.09.02 10:41:23.067,1.56765,1.5681,1.00,1.00
2009.09.02 10:41:23.248,1.5676,1.56815,2.60,1.80
2009.09.02 10:41:23.418,1.5676,1.5681,2.60,1.00
2009.09.02 10:41:23.648,1.56765,1.5681,1.60,1.00
2009.09.02 10:41:23.817,1.5677,1.5681,1.00,1.00
2009.09.02 10:41:28.976,1.5677,1.5682,1.00,3.30
2009.09.02 10:41:29.326,1.5677,1.5682,1.00,1.00
2009.09.02 10:41:29.916,1.5677,1.5681,1.00,1.60
2009.09.02 10:41:30.496,1.56765,1.5681,1.00,1.60
2009.09.02 10:41:30.896,1.5677,1.56815,1.00,1.60
2009.09.02 10:41:31.066,1.5677,1.5682,1.00,1.00
2009.09.02 10:41:31.186,1.5677,1.5682,1.00,1.00
2009.09.02 10:41:36.055,1.5676,1.5682,2.60,1.00
2009.09.02 10:41:36.395,1.5676,1.5682,1.80,1.00
2009.09.02 10:41:40.493,1.5677,1.5682,1.00,1.00
2009.09.02 10:41:45.392,1.5678,1.5683,1.00,1.00
2009.09.02 10:41:50.761,1.56775,1.5683,1.60,1.00
2009.09.02 10:41:51.051,1.5677,1.5683,1.80,1.00
2009.09.02 10:41:51.671,1.5677,1.5682,1.00,1.00
2009.09.02 10:41:52.730,1.5677,1.5682,1.00,1.00
2009.09.02 10:41:55.200,1.5677,1.5681,1.00,1.00
2009.09.02 10:41:55.260,1.5677,1.5682,1.00,1.80
2009.09.02 10:41:55.310,1.5677,1.5682,1.00,1.00
2009.09.02 10:41:55.830,1.56765,1.5682,1.00,1.00
2009.09.02 10:42:02.248,1.5676,1.5682,1.00,1.00
2009.09.02 10:42:02.598,1.56765,1.5682,1.00,1.00
2009.09.02 10:42:03.758,1.56765,1.5682,1.00,1.00
2009.09.02 10:42:06.167,1.5677,1.5682,1.00,1.00
2009.09.02 10:42:06.867,1.56785,1.56835,1.60,6.40
2009.09.02 10:42:07.207,1.56765,1.5683,1.60,4.00
2009.09.02 10:42:07.547,1.5676,1.5683,1.00,1.00
2009.09.02 10:42:08.857,1.5677,1.5683,1.00,1.00
2009.09.02 10:42:09.906,1.5677,1.56825,1.00,1.00
2009.09.02 10:42:10.146,1.5677,1.56825,1.00,1.00
2009.09.02 10:42:10.436,1.5677,1.5682,1.00,1.00
2009.09.02 10:42:10.676,1.56765,1.5682,1.00,1.00
2009.09.02 10:42:12.296,1.56765,1.5682,1.00,1.00
2009.09.02 10:42:12.646,1.5676,1.56815,1.00,1.60
2009.09.02 10:42:13.765,1.5676,1.56815,1.00,1.80
2009.09.02 10:42:14.095,1.5676,1.5682,2.60,1.00
2009.09.02 10:42:14.215,1.56765,1.5682,1.00,1.00
2009.09.02 10:42:19.064,1.56765,1.5682,1.00,1.00
2009.09.02 10:42:19.564,1.56765,1.5682,1.00,1.00
2009.09.02 10:42:19.734,1.56765,1.56815,1.00,1.60
2009.09.02 10:42:20.014,1.5676,1.56815,1.00,1.60
2009.09.02 10:42:20.874,1.5676,1.56815,1.00,1.80
2009.09.02 10:42:21.883,1.5676,1.5681,1.00,1.00
2009.09.02 10:42:23.173,1.5676,1.5681,2.60,1.00
2009.09.02 10:42:23.403,1.5677,1.56815,1.00,1.00
2009.09.02 10:42:25.063,1.5677,1.5681,1.00,1.00
2009.09.02 10:43:10.502,1.5677,1.5682,1.00,1.00
2009.09.02 10:43:10.612,1.5677,1.5682,1.00,1.00
2009.09.02 10:43:10.732,1.5678,1.5682,1.00,1.00
2009.09.02 10:43:17.520,1.5678,1.5683,1.80,1.00
2009.09.02 10:43:17.860,1.5679,1.5683,1.60,1.00
2009.09.02 10:43:18.200,1.5679,1.5684,1.80,1.00
2009.09.02 10:43:20.289,1.5679,1.5683,1.00,1.00
2009.09.02 10:43:23.359,1.5678,1.5683,2.60,1.00
2009.09.02 10:43:23.948,1.5678,1.5682,1.00,1.00
2009.09.02 10:43:24.399,1.5677,1.5682,1.00,1.00
2009.09.02 10:43:24.568,1.5677,1.5682,1.00,1.00
2009.09.02 10:43:24.918,1.5677,1.5681,1.00,1.00
2009.09.02 10:43:25.258,1.5677,1.5681,1.00,1.00
2009.09.02 10:43:26.118,1.5677,1.5682,1.00,1.00
2009.09.02 10:43:26.348,1.5677,1.5682,1.00,1.00
2009.09.02 10:43:26.578,1.5677,1.5682,1.00,1.00
2009.09.02 10:43:27.328,1.5677,1.5682,1.00,1.00
2009.09.02 10:43:28.977,1.5678,1.5682,1.00,1.00
2009.09.02 10:43:29.437,1.56775,1.5682,2.40,1.00
2009.09.02 10:43:29.667,1.5678,1.5682,1.00,1.00
2009.09.02 10:43:30.227,1.56775,1.5682,2.40,1.00
2009.09.02 10:43:32.286,1.5678,1.5682,1.00,1.00
2009.09.02 10:44:07.568,1.5677,1.5682,1.80,1.00
2009.09.02 10:44:13.457,1.5677,1.5682,1.80,1.00
2009.09.02 10:44:13.637,1.5677,1.5681,1.00,1.00
2009.09.02 10:44:17.146,1.5676,1.568,1.00,1.00
2009.09.02 10:44:17.716,1.5676,1.5681,1.00,2.60
2009.09.02 10:44:18.056,1.5676,1.5682,1.80,1.00
2009.09.02 10:44:18.625,1.5676,1.5681,1.00,1.00
2009.09.02 10:44:18.965,1.5676,1.5682,1.80,1.00
2009.09.02 10:44:19.645,1.56765,1.5682,1.00,1.00
2009.09.02 10:44:20.995,1.5676,1.5682,1.80,1.00
2009.09.02 10:44:22.484,1.5677,1.5682,1.00,1.00
2009.09.02 10:44:24.094,1.5676,1.5682,2.60,1.00
2009.09.02 10:44:24.604,1.5676,1.5682,1.80,1.00
2009.09.02 10:44:26.394,1.56775,1.5683,1.00,1.00
2009.09.02 10:44:26.724,1.56765,1.5683,1.00,1.00
2009.09.02 10:44:26.784,1.56765,1.5682,1.00,1.00
2009.09.02 10:44:26.904,1.56775,1.5682,1.00,1.00
2009.09.02 10:44:27.013,1.56775,1.56845,1.00,8.00
2009.09.02 10:44:27.514,1.56785,1.5686,2.40,1.00
2009.09.02 10:44:28.203,1.56795,1.56855,1.00,1.00
2009.09.02 10:44:29.523,1.56795,1.56855,1.00,1.00
2009.09.02 10:44:30.102,1.56785,1.56855,2.60,1.00
2009.09.02 10:44:30.382,1.56795,1.56855,1.00,1.00
2009.09.02 10:44:30.842,1.56795,1.56845,1.00,1.00
2009.09.02 10:44:31.072,1.56795,1.56845,1.00,1.00
2009.09.02 10:44:31.472,1.56785,1.56845,1.00,1.00
2009.09.02 10:44:33.902,1.5679,1.56845,1.00,1.00
2009.09.02 10:44:44.199,1.5679,1.5685,1.00,1.00
2009.09.02 10:44:44.419,1.5679,1.56845,1.00,1.00
2009.09.02 10:44:44.649,1.56785,1.56835,1.00,1.00
2009.09.02 10:44:44.929,1.56785,1.56845,1.00,1.00
2009.09.02 10:44:45.169,1.56785,1.5684,1.00,1.00
2009.09.02 10:44:45.409,1.5678,1.5684,1.00,1.00
2009.09.02 10:44:45.749,1.5678,1.5684,1.00,1.00
2009.09.02 10:44:47.018,1.5678,1.56835,1.00,1.00
2009.09.02 10:44:49.158,1.56775,1.56835,1.80,1.00
2009.09.02 10:44:49.728,1.56775,1.5683,1.80,1.00
2009.09.02 10:44:50.138,1.56775,1.5683,1.00,1.00
2009.09.02 10:44:50.477,1.56775,1.56825,1.00,1.00
2009.09.02 10:44:50.947,1.56775,1.56835,1.00,1.00
2009.09.02 10:44:51.057,1.56775,1.56835,1.80,1.00
2009.09.02 10:44:51.357,1.5678,1.56835,1.00,1.00
2009.09.02 10:44:59.815,1.5678,1.5683,1.00,1.00
2009.09.02 10:45:06.944,1.56775,1.5683,2.60,1.00
2009.09.02 10:45:12.702,1.5678,1.5683,1.00,1.00
2009.09.02 10:45:13.062,1.56775,1.5683,1.80,1.00
2009.09.02 10:45:13.872,1.56775,1.5683,2.60,1.00
2009.09.02 10:45:21.890,1.5678,1.5683,1.00,1.00
2009.09.02 10:45:22.110,1.5678,1.5684,1.00,1.00
2009.09.02 10:45:28.228,1.56785,1.56845,2.60,1.00
2009.09.02 10:45:35.807,1.5679,1.56845,1.00,1.00
2009.09.02 10:45:36.256,1.56795,1.56845,1.00,1.00
2009.09.02 10:45:36.587,1.56785,1.56845,1.80,1.00
2009.09.02 10:45:38.556,1.5679,1.56845,1.00,1.00
2009.09.02 10:45:44.854,1.5679,1.56845,1.00,1.00
2009.09.02 10:45:45.744,1.56795,1.56845,1.00,1.00
2009.09.02 10:45:46.044,1.56795,1.56845,1.00,1.00
2009.09.02 10:45:53.833,1.568,1.5686,1.00,2.60
2009.09.02 10:45:54.062,1.568,1.5686,1.00,1.00
2009.09.02 10:45:54.282,1.568,1.5686,1.00,1.00
2009.09.02 10:45:55.912,1.568,1.56865,1.70,1.00
2009.09.02 10:45:56.262,1.5681,1.56865,1.00,1.00
2009.09.02 10:45:56.552,1.56805,1.56865,1.00,1.00
2009.09.02 10:45:56.912,1.5681,1.56865,1.00,1.00
2009.09.02 10:45:57.382,1.5681,1.5688,1.00,8.90
2009.09.02 10:45:57.602,1.5681,1.5688,1.00,1.00
2009.09.02 10:46:00.441,1.56805,1.56875,1.70,1.00
2009.09.02 10:46:02.261,1.56805,1.56865,1.00,1.00
2009.09.02 10:46:02.600,1.5681,1.56865,1.00,1.00
2009.09.02 10:46:02.960,1.56815,1.56865,1.00,1.00
2009.09.02 10:46:03.300,1.56805,1.56875,1.60,1.00
2009.09.02 10:46:03.580,1.5682,1.5688,1.60,8.00
2009.09.02 10:46:04.040,1.5682,1.56885,1.60,1.00
2009.09.02 10:46:08.759,1.5682,1.56885,1.80,1.00
2009.09.02 10:46:11.698,1.56825,1.56885,1.00,1.00
2009.09.02 10:46:13.648,1.5683,1.5689,1.80,1.00
2009.09.02 10:46:14.447,1.5683,1.56885,1.80,1.00
2009.09.02 10:46:14.678,1.5683,1.5688,1.80,1.00
2009.09.02 10:46:15.017,1.5683,1.5688,1.00,1.00
2009.09.02 10:46:19.666,1.5682,1.56875,2.40,1.00
2009.09.02 10:46:20.526,1.5682,1.56875,1.60,1.00
2009.09.02 10:46:23.075,1.56815,1.56865,1.00,1.00
2009.09.02 10:46:23.425,1.5682,1.56875,1.60,1.00
2009.09.02 10:46:27.814,1.5682,1.56875,1.60,1.00
2009.09.02 10:46:28.044,1.56815,1.56875,1.00,1.00
2009.09.02 10:46:28.284,1.5683,1.5688,1.00,1.00
2009.09.02 10:47:05.215,1.5682,1.56875,2.40,1.00
2009.09.02 10:47:05.735,1.5682,1.56875,1.60,1.00
2009.09.02 10:47:10.524,1.56815,1.56875,1.00,1.00
2009.09.02 10:47:10.694,1.56815,1.56865,1.00,1.00
2009.09.02 10:47:10.924,1.5682,1.56875,1.60,1.00
2009.09.02 10:47:13.033,1.5683,1.5688,1.60,1.00
2009.09.02 10:47:13.393,1.5683,1.56875,1.60,1.00
