2012.10.10 14:00:00.333,1.26142,1.26164,1.50,1.54
2012.10.10 14:00:00.472,1.26141,1.26164,1.50,1.54
2012.10.10 14:00:00.935,1.26139,1.2616,1.32,1.35
2012.10.10 14:00:01.285,1.26133,1.26153,1.65,1.35
2012.10.10 14:00:01.355,1.26131,1.26153,1.50,1.35
2012.10.10 14:00:02.433,1.26127,1.26153,1.32,1.58
2012.10.10 14:00:02.683,1.26127,1.2615,1.32,1.73
2012.10.10 14:00:02.782,1.26127,1.2615,1.32,1.50
2012.10.10 14:00:02.912,1.26125,1.26147,1.32,1.50
2012.10.10 14:00:03.222,1.26125,1.26143,2.07,1.50
2012.10.10 14:00:03.430,1.26117,1.26143,1.13,1.50
2012.10.10 14:00:03.932,1.26113,1.26139,2.07,1.32
2012.10.10 14:00:04.001,1.26113,1.26139,1.50,1.88
2012.10.10 14:00:04.302,1.26112,1.26132,3.00,1.32
2012.10.10 14:00:04.615,1.26111,1.2613,1.13,1.54
2012.10.10 14:00:04.688,1.26109,1.2613,1.65,1.32
2012.10.10 14:00:04.893,1.26112,1.26132,1.35,1.32
2012.10.10 14:00:05.673,1.26108,1.26126,2.22,1.32
2012.10.10 14:00:05.742,1.26108,1.26126,1.47,1.54
2012.10.10 14:00:06.616,1.26108,1.26125,1.47,1.50
2012.10.10 14:00:06.698,1.261,1.26126,1.50,1.88
2012.10.10 14:00:06.766,1.261,1.26126,1.50,1.88
2012.10.10 14:00:07.693,1.26104,1.26126,2.48,1.32
2012.10.10 14:00:08.174,1.26112,1.26132,1.32,1.32
2012.10.10 14:00:08.716,1.26112,1.26133,1.32,1.32
2012.10.10 14:00:09.143,1.26113,1.26133,1.50,1.50
2012.10.10 14:00:09.273,1.26116,1.26136,1.32,1.50
2012.10.10 14:00:09.593,1.26123,1.2614,1.32,1.20
2012.10.10 14:00:10.092,1.26124,1.26144,1.50,1.20
2012.10.10 14:00:10.162,1.26122,1.26143,1.54,1.20
2012.10.10 14:00:10.353,1.26119,1.26139,2.07,1.54
2012.10.10 14:00:10.542,1.2612,1.26139,1.32,1.32
2012.10.10 14:00:11.016,1.2612,1.26139,1.50,1.32
2012.10.10 14:00:11.261,1.26119,1.26139,1.50,1.32
2012.10.10 14:00:11.411,1.26121,1.26139,1.50,1.32
2012.10.10 14:00:11.831,1.26126,1.26144,1.50,1.50
2012.10.10 14:00:11.951,1.26126,1.26144,1.50,1.50
2012.10.10 14:00:12.256,1.26128,1.26146,1.50,1.50
2012.10.10 14:00:12.381,1.26127,1.26144,2.25,1.50
2012.10.10 14:00:12.562,1.26127,1.26144,1.50,1.50
2012.10.10 14:00:12.923,1.26118,1.26135,1.65,1.50
2012.10.10 14:00:13.232,1.26119,1.26138,1.65,2.29
2012.10.10 14:00:13.852,1.26116,1.26136,2.10,1.50
2012.10.10 14:00:13.986,1.26117,1.26136,1.50,1.50
2012.10.10 14:00:14.200,1.26116,1.26136,2.85,1.50
2012.10.10 14:00:14.643,1.26117,1.26136,1.50,1.50
2012.10.10 14:00:14.713,1.2612,1.26138,1.50,1.50
2012.10.10 14:00:16.201,1.2612,1.26139,1.50,1.32
2012.10.10 14:00:16.322,1.26116,1.26135,1.35,1.50
2012.10.10 14:00:17.096,1.26121,1.26139,1.50,1.50
2012.10.10 14:00:17.862,1.26121,1.26138,1.50,1.50
2012.10.10 14:00:18.382,1.26119,1.26138,1.50,1.50
2012.10.10 14:00:18.902,1.26119,1.26138,1.50,1.50
2012.10.10 14:00:19.311,1.26121,1.2614,1.50,2.25
2012.10.10 14:00:19.673,1.26124,1.26143,1.50,1.50
2012.10.10 14:00:19.860,1.26124,1.26143,1.50,1.50
2012.10.10 14:00:20.222,1.26129,1.26147,1.50,2.29
2012.10.10 14:00:20.290,1.26126,1.26145,1.50,1.50
2012.10.10 14:00:20.640,1.26128,1.26146,1.50,1.54
2012.10.10 14:00:21.586,1.26128,1.26144,1.50,1.50
2012.10.10 14:00:21.711,1.2612,1.26141,1.50,1.50
2012.10.10 14:00:24.702,1.2612,1.26138,1.50,1.50
2012.10.10 14:00:24.771,1.26117,1.26137,2.25,1.50
2012.10.10 14:00:25.467,1.26119,1.26137,1.50,2.07
2012.10.10 14:00:26.210,1.26117,1.26135,1.50,1.32
2012.10.10 14:00:26.960,1.26117,1.26137,1.50,1.50
2012.10.10 14:00:27.611,1.26116,1.26135,1.50,2.10
2012.10.10 14:00:27.674,1.26116,1.26134,1.50,1.32
2012.10.10 14:00:27.981,1.26109,1.26127,1.65,1.50
2012.10.10 14:00:28.161,1.26112,1.26131,1.50,2.07
2012.10.10 14:00:28.352,1.26114,1.26131,1.50,1.32
2012.10.10 14:00:28.806,1.26115,1.26131,1.50,1.32
2012.10.10 14:00:29.732,1.26116,1.26133,1.50,1.50
2012.10.10 14:00:30.172,1.26117,1.26138,1.50,2.07
2012.10.10 14:00:30.930,1.26116,1.26134,2.10,1.50
2012.10.10 14:00:31.412,1.26116,1.26135,2.10,1.50
2012.10.10 14:00:31.671,1.26117,1.26135,1.32,2.25
2012.10.10 14:00:32.121,1.26114,1.26133,1.88,2.25
2012.10.10 14:00:32.670,1.26115,1.2613,1.77,1.50
2012.10.10 14:00:32.971,1.26122,1.2614,1.50,2.07
2012.10.10 14:00:33.036,1.26122,1.26141,1.50,1.50
2012.10.10 14:00:33.220,1.26125,1.26144,1.50,2.25
2012.10.10 14:00:33.681,1.26127,1.26144,1.50,1.50
2012.10.10 14:00:33.930,1.26126,1.26143,2.25,1.50
2012.10.10 14:00:34.771,1.26124,1.26143,2.25,1.50
2012.10.10 14:00:35.274,1.26124,1.26142,1.50,1.50
2012.10.10 14:00:35.345,1.26127,1.26144,1.50,1.50
2012.10.10 14:00:35.417,1.26127,1.26145,1.50,1.50
2012.10.10 14:00:35.490,1.26124,1.26144,1.50,1.50
2012.10.10 14:00:35.555,1.26123,1.26138,2.89,1.50
2012.10.10 14:00:35.624,1.26127,1.26138,1.20,1.50
2012.10.10 14:00:35.693,1.26123,1.26138,2.14,1.50
2012.10.10 14:00:36.202,1.26123,1.26142,3.00,1.50
2012.10.10 14:00:36.952,1.26128,1.26146,1.50,1.32
2012.10.10 14:00:37.025,1.26128,1.26147,1.50,1.50
2012.10.10 14:00:37.151,1.2613,1.26149,1.50,1.32
2012.10.10 14:00:37.401,1.26129,1.26147,1.50,1.50
2012.10.10 14:00:37.462,1.2613,1.26149,1.50,2.67
2012.10.10 14:00:37.723,1.26133,1.26151,1.50,1.47
2012.10.10 14:00:37.856,1.26131,1.26149,1.50,1.50
2012.10.10 14:00:38.414,1.2613,1.26147,1.50,1.50
2012.10.10 14:00:38.933,1.2613,1.2615,1.50,2.25
2012.10.10 14:00:39.067,1.26132,1.26151,1.50,1.50
2012.10.10 14:00:39.412,1.26133,1.26152,1.50,1.50
2012.10.10 14:00:39.611,1.26132,1.26147,1.50,1.50
2012.10.10 14:00:39.675,1.26128,1.26147,1.65,1.50
2012.10.10 14:00:39.862,1.26128,1.26147,1.50,1.50
2012.10.10 14:00:40.423,1.26126,1.26146,2.25,2.25
2012.10.10 14:00:41.161,1.26126,1.26144,1.50,1.50
2012.10.10 14:00:41.662,1.26127,1.26144,1.50,1.50
2012.10.10 14:00:41.971,1.26122,1.26142,3.38,1.50
2012.10.10 14:00:42.522,1.26123,1.26142,1.50,1.50
2012.10.10 14:00:42.841,1.26127,1.26146,1.50,2.07
2012.10.10 14:00:42.901,1.26129,1.26146,1.50,1.32
2012.10.10 14:00:42.963,1.26129,1.26146,1.50,1.32
2012.10.10 14:00:43.286,1.26133,1.26148,2.25,1.32
2012.10.10 14:00:43.502,1.2613,1.26149,1.73,1.32
2012.10.10 14:00:44.170,1.2613,1.26149,1.50,1.32
2012.10.10 14:00:44.360,1.2613,1.2615,1.50,3.00
2012.10.10 14:00:45.002,1.2613,1.26149,1.50,1.50
2012.10.10 14:00:46.253,1.2613,1.2615,1.50,2.25
2012.10.10 14:00:46.857,1.26132,1.26152,1.50,1.50
2012.10.10 14:00:47.351,1.26129,1.26149,2.89,1.50
2012.10.10 14:00:47.771,1.26127,1.26144,1.32,1.50
2012.10.10 14:00:48.111,1.26126,1.26144,1.32,2.25
2012.10.10 14:00:48.566,1.26121,1.2614,1.73,1.50
2012.10.10 14:00:48.636,1.26125,1.26143,1.50,1.50
2012.10.10 14:00:48.705,1.26123,1.26142,1.50,1.50
2012.10.10 14:00:48.853,1.26123,1.26142,2.25,1.50
2012.10.10 14:00:48.927,1.26123,1.26141,1.50,1.32
2012.10.10 14:00:48.993,1.26119,1.26136,1.54,1.50
2012.10.10 14:00:49.066,1.26117,1.26136,1.69,2.25
2012.10.10 14:00:49.371,1.26117,1.26133,1.13,2.25
2012.10.10 14:00:49.681,1.26113,1.26129,1.73,1.50
2012.10.10 14:00:49.803,1.26116,1.26135,1.32,1.50
2012.10.10 14:00:49.871,1.26115,1.26134,1.32,1.50
2012.10.10 14:00:50.352,1.26115,1.26135,2.29,2.25
2012.10.10 14:00:50.421,1.26117,1.26136,1.73,1.50
2012.10.10 14:00:50.962,1.26115,1.26135,1.73,1.50
2012.10.10 14:00:52.692,1.26115,1.26134,1.73,1.50
2012.10.10 14:00:52.762,1.26114,1.26133,1.50,1.50
2012.10.10 14:00:56.642,1.26115,1.26134,2.07,1.50
2012.10.10 14:00:56.714,1.26115,1.26134,2.07,1.50
2012.10.10 14:00:56.913,1.26119,1.26138,2.07,1.50
2012.10.10 14:00:56.982,1.26117,1.26131,1.73,1.50
2012.10.10 14:00:57.241,1.26107,1.26126,1.50,1.50
2012.10.10 14:00:57.421,1.26108,1.26128,1.73,1.50
2012.10.10 14:00:58.822,1.26112,1.26132,2.29,1.50
2012.10.10 14:00:58.954,1.26109,1.26128,2.10,1.50
2012.10.10 14:00:59.082,1.26109,1.26128,1.32,1.50
2012.10.10 14:00:59.290,1.26108,1.26125,1.32,1.50
2012.10.10 14:01:00.152,1.26109,1.26128,1.50,1.50
2012.10.10 14:01:00.285,1.2611,1.2613,1.32,1.50
2012.10.10 14:01:00.601,1.26121,1.26137,1.50,1.19
2012.10.10 14:01:00.725,1.26119,1.26137,1.50,1.94
2012.10.10 14:01:00.853,1.26115,1.26134,1.50,2.25
2012.10.10 14:01:00.921,1.26115,1.26134,1.50,1.50
2012.10.10 14:01:00.981,1.26121,1.26139,1.50,3.57
2012.10.10 14:01:01.101,1.2612,1.26139,1.50,2.07
2012.10.10 14:01:01.739,1.26117,1.26138,1.54,3.00
2012.10.10 14:01:01.805,1.26119,1.26138,1.73,2.25
2012.10.10 14:01:01.932,1.26119,1.26139,1.73,2.25
2012.10.10 14:01:02.647,1.26119,1.26139,2.29,1.50
2012.10.10 14:01:03.181,1.26122,1.2614,2.07,1.50
2012.10.10 14:01:03.241,1.26125,1.26142,1.50,1.50
2012.10.10 14:01:03.361,1.26125,1.26144,1.50,1.50
2012.10.10 14:01:03.614,1.26125,1.26144,1.73,1.50
2012.10.10 14:01:03.951,1.26122,1.26139,1.32,1.50
2012.10.10 14:01:04.192,1.26121,1.26139,1.54,2.25
2012.10.10 14:01:04.491,1.26118,1.26136,1.50,1.50
2012.10.10 14:01:04.862,1.26118,1.26138,1.50,1.50
2012.10.10 14:01:04.991,1.26121,1.26139,1.73,1.32
2012.10.10 14:01:05.127,1.26119,1.26139,1.73,1.50
2012.10.10 14:01:05.250,1.26121,1.26141,1.73,2.82
2012.10.10 14:01:05.462,1.26121,1.26141,1.73,2.82
2012.10.10 14:01:05.770,1.26128,1.26146,1.50,1.50
2012.10.10 14:01:06.302,1.26128,1.26147,1.50,2.25
2012.10.10 14:01:06.594,1.26128,1.26146,1.50,1.50
2012.10.10 14:01:06.858,1.26127,1.26143,1.50,1.50
2012.10.10 14:01:06.991,1.26124,1.26141,1.54,1.50
2012.10.10 14:01:07.290,1.26125,1.26143,1.50,2.25
2012.10.10 14:01:07.482,1.26125,1.26142,1.50,1.50
2012.10.10 14:01:08.094,1.26124,1.26143,3.04,2.25
2012.10.10 14:01:08.627,1.26122,1.26139,1.50,1.50
2012.10.10 14:01:08.692,1.2612,1.26139,1.50,2.25
2012.10.10 14:01:10.672,1.2612,1.26139,1.73,1.50
2012.10.10 14:01:11.587,1.26123,1.26141,2.48,1.50
2012.10.10 14:01:12.222,1.26121,1.26141,2.29,2.25
2012.10.10 14:01:13.012,1.26123,1.26141,1.73,1.50
2012.10.10 14:01:13.691,1.26124,1.26143,1.50,1.50
2012.10.10 14:01:15.092,1.26125,1.26143,1.32,1.50
2012.10.10 14:01:15.292,1.26127,1.26148,1.73,1.50
2012.10.10 14:01:18.131,1.2613,1.26148,1.50,1.50
2012.10.10 14:01:18.321,1.26128,1.26149,1.50,2.85
2012.10.10 14:01:19.911,1.26127,1.26144,1.73,1.50
2012.10.10 14:01:19.972,1.26127,1.26145,2.48,1.50
2012.10.10 14:01:20.280,1.26127,1.26143,1.50,1.50
2012.10.10 14:01:20.402,1.26123,1.26141,2.85,1.50
2012.10.10 14:01:21.102,1.26125,1.26143,1.32,1.50
2012.10.10 14:01:21.412,1.26128,1.26147,1.73,1.50
2012.10.10 14:01:21.471,1.26128,1.26148,2.48,2.25
2012.10.10 14:01:22.351,1.26129,1.26147,1.73,1.50
2012.10.10 14:01:22.886,1.26138,1.26152,1.50,3.19
2012.10.10 14:01:24.304,1.26135,1.26154,2.33,1.32
2012.10.10 14:01:25.362,1.26135,1.26153,2.33,1.50
2012.10.10 14:01:25.433,1.26135,1.26155,2.89,1.50
2012.10.10 14:01:25.561,1.26135,1.26155,2.89,1.50
2012.10.10 14:01:25.681,1.26139,1.26158,1.50,1.50
2012.10.10 14:01:25.931,1.26138,1.26155,1.50,1.50
2012.10.10 14:01:26.531,1.26135,1.26154,2.89,1.50
2012.10.10 14:01:27.492,1.26135,1.26154,2.89,1.50
2012.10.10 14:01:28.020,1.26135,1.26154,2.07,1.50
2012.10.10 14:01:28.381,1.26134,1.26151,1.32,1.50
2012.10.10 14:01:30.750,1.26131,1.26149,1.50,1.50
2012.10.10 14:01:31.322,1.26129,1.26148,1.73,1.50
2012.10.10 14:01:31.725,1.26135,1.26151,1.50,1.50
2012.10.10 14:01:31.792,1.26135,1.26152,1.50,1.50
2012.10.10 14:01:32.448,1.26135,1.26154,1.50,3.00
2012.10.10 14:01:33.962,1.26135,1.26154,1.50,2.25
2012.10.10 14:01:34.832,1.26137,1.26155,1.50,2.25
2012.10.10 14:01:34.971,1.26135,1.26155,2.48,2.25
2012.10.10 14:01:35.755,1.26132,1.2615,2.14,1.50
2012.10.10 14:01:35.893,1.26128,1.26147,1.54,1.50
2012.10.10 14:01:36.026,1.26128,1.26146,1.54,1.50
2012.10.10 14:01:37.089,1.26128,1.26147,1.54,2.25
2012.10.10 14:01:37.562,1.26135,1.26147,1.32,2.25
2012.10.10 14:01:37.822,1.26136,1.26153,1.73,2.10
2012.10.10 14:01:37.952,1.26136,1.26153,1.73,1.50
2012.10.10 14:01:38.491,1.26139,1.26156,1.50,2.25
2012.10.10 14:01:38.792,1.26137,1.26156,2.48,1.50
2012.10.10 14:01:39.273,1.26138,1.26157,1.50,2.25
2012.10.10 14:01:39.343,1.26138,1.26157,1.50,1.50
2012.10.10 14:01:39.412,1.26138,1.26157,1.50,2.25
2012.10.10 14:01:39.482,1.26138,1.26155,1.50,1.50
2012.10.10 14:01:40.147,1.26137,1.26155,2.25,1.50
2012.10.10 14:01:40.450,1.26138,1.26157,1.50,1.50
2012.10.10 14:01:40.633,1.26141,1.26158,1.50,1.28
2012.10.10 14:01:41.171,1.26141,1.26161,1.50,2.25
2012.10.10 14:01:43.672,1.26142,1.26161,1.50,1.50
2012.10.10 14:01:44.235,1.2614,1.26159,2.25,1.50
2012.10.10 14:01:45.511,1.2614,1.26159,2.25,1.50
2012.10.10 14:01:48.710,1.26141,1.2616,1.50,1.50
2012.10.10 14:01:48.834,1.26144,1.26162,1.50,1.50
2012.10.10 14:01:49.300,1.26142,1.26161,1.50,1.50
2012.10.10 14:01:49.583,1.26146,1.26162,1.50,1.50
2012.10.10 14:01:49.832,1.26146,1.26164,1.73,1.50
2012.10.10 14:01:50.145,1.26146,1.26158,1.73,1.35
2012.10.10 14:01:50.276,1.26139,1.26158,1.73,2.85
2012.10.10 14:01:50.462,1.26139,1.26158,1.50,2.25
2012.10.10 14:01:51.951,1.26138,1.26158,1.50,2.25
2012.10.10 14:01:54.089,1.26138,1.26157,1.50,2.85
2012.10.10 14:01:54.393,1.26131,1.26146,2.82,1.50
2012.10.10 14:01:54.734,1.26131,1.26142,2.82,1.32
2012.10.10 14:01:54.993,1.26126,1.26143,2.25,1.88
2012.10.10 14:01:55.611,1.26126,1.26143,1.50,1.32
2012.10.10 14:01:56.133,1.26126,1.26144,1.50,1.50
2012.10.10 14:01:57.180,1.26133,1.26146,1.32,1.50
2012.10.10 14:01:57.361,1.26136,1.26155,1.50,1.73
2012.10.10 14:01:57.543,1.26136,1.26155,1.73,1.50
2012.10.10 14:01:57.941,1.26136,1.26154,1.73,1.50
2012.10.10 14:01:58.003,1.26134,1.26153,1.50,1.50
2012.10.10 14:01:58.072,1.26133,1.26152,1.73,1.50
2012.10.10 14:01:58.192,1.26132,1.2615,1.54,1.50
2012.10.10 14:01:58.502,1.26134,1.2615,1.32,1.50
2012.10.10 14:01:58.572,1.26134,1.26152,1.32,2.25
2012.10.10 14:01:58.631,1.26133,1.26152,1.54,1.50
2012.10.10 14:01:58.812,1.26129,1.26147,1.32,2.07
2012.10.10 14:02:00.021,1.26128,1.26145,1.17,1.50
2012.10.10 14:02:00.090,1.26128,1.26145,1.17,1.50
2012.10.10 14:02:00.392,1.26126,1.26144,1.32,1.88
2012.10.10 14:02:00.813,1.26126,1.26145,1.73,1.50
2012.10.10 14:02:01.072,1.26128,1.26146,1.73,1.50
2012.10.10 14:02:01.581,1.26126,1.26146,2.25,1.50
2012.10.10 14:02:01.641,1.26126,1.26144,1.50,1.50
2012.10.10 14:02:01.951,1.26126,1.26142,1.50,1.80
2012.10.10 14:02:02.844,1.26126,1.26144,1.50,1.50
2012.10.10 14:02:03.391,1.26125,1.26144,1.50,2.25
2012.10.10 14:02:04.541,1.26128,1.26145,1.50,1.32
2012.10.10 14:02:04.781,1.26126,1.26145,1.50,2.07
2012.10.10 14:02:05.874,1.26126,1.26145,1.50,1.50
2012.10.10 14:02:06.003,1.26129,1.26146,1.50,1.50
2012.10.10 14:02:06.252,1.26126,1.26145,1.50,1.73
2012.10.10 14:02:06.392,1.26126,1.26145,1.50,1.73
2012.10.10 14:02:07.102,1.26128,1.26144,1.50,1.50
2012.10.10 14:02:07.392,1.26128,1.26146,2.85,2.07
2012.10.10 14:02:07.465,1.26134,1.26148,2.25,1.32
2012.10.10 14:02:07.591,1.26134,1.26152,2.25,3.04
2012.10.10 14:02:07.774,1.26135,1.26152,1.50,1.54
2012.10.10 14:02:08.332,1.26135,1.26152,1.50,2.07
2012.10.10 14:02:08.456,1.26134,1.26152,2.25,3.57
2012.10.10 14:02:08.962,1.26132,1.26149,1.50,1.50
2012.10.10 14:02:09.152,1.26134,1.26151,1.50,1.50
2012.10.10 14:02:09.474,1.26136,1.26152,1.50,1.50
2012.10.10 14:02:09.972,1.26133,1.26148,1.50,1.32
2012.10.10 14:02:10.031,1.2613,1.26147,2.25,1.50
2012.10.10 14:02:10.715,1.2613,1.26147,1.50,1.50
2012.10.10 14:02:10.841,1.2613,1.26149,2.07,2.25
2012.10.10 14:02:11.332,1.26133,1.26149,1.50,1.50
2012.10.10 14:02:12.223,1.26133,1.26152,1.50,2.25
2012.10.10 14:02:12.781,1.26133,1.26152,1.50,2.25
2012.10.10 14:02:13.273,1.26136,1.26152,1.50,1.50
2012.10.10 14:02:14.141,1.26136,1.26151,1.50,1.50
2012.10.10 14:02:14.649,1.26136,1.26151,1.50,1.50
2012.10.10 14:02:14.922,1.26137,1.26153,1.50,2.07
2012.10.10 14:02:15.062,1.26141,1.26153,1.50,2.07
2012.10.10 14:02:16.171,1.26141,1.26155,1.50,1.50
2012.10.10 14:02:16.485,1.2614,1.26155,2.07,2.78
2012.10.10 14:02:16.695,1.26143,1.2616,1.32,2.07
2012.10.10 14:02:16.954,1.26144,1.2616,1.50,1.32
2012.10.10 14:02:17.030,1.26148,1.26163,1.50,1.32
2012.10.10 14:02:17.165,1.26151,1.26165,2.25,2.07
2012.10.10 14:02:17.238,1.26153,1.26165,1.50,2.25
2012.10.10 14:02:17.365,1.26161,1.2617,1.50,1.32
2012.10.10 14:02:17.577,1.26162,1.26171,1.50,1.13
2012.10.10 14:02:17.717,1.26156,1.2617,1.73,1.88
2012.10.10 14:02:17.902,1.26154,1.2617,2.25,1.88
2012.10.10 14:02:18.082,1.26156,1.26175,1.50,1.50
2012.10.10 14:02:18.420,1.26158,1.26176,2.25,1.50
2012.10.10 14:02:18.721,1.26161,1.26176,1.50,1.50
2012.10.10 14:02:20.211,1.26161,1.26173,1.50,1.50
2012.10.10 14:02:20.350,1.26156,1.26171,1.50,1.50
2012.10.10 14:02:20.417,1.2616,1.26173,1.50,1.50
2012.10.10 14:02:20.974,1.26161,1.26175,1.73,1.50
2012.10.10 14:02:22.720,1.26158,1.26175,1.73,2.25
2012.10.10 14:02:24.130,1.26159,1.26175,1.54,2.25
2012.10.10 14:02:24.190,1.26159,1.26175,1.54,2.25
2012.10.10 14:02:25.819,1.26159,1.26176,1.39,1.50
2012.10.10 14:02:26.127,1.26159,1.26176,1.39,1.50
2012.10.10 14:02:28.013,1.26161,1.26178,1.73,1.50
2012.10.10 14:02:28.081,1.26163,1.26179,1.50,1.50
2012.10.10 14:02:28.143,1.26161,1.26178,1.73,1.50
2012.10.10 14:02:28.351,1.26161,1.26179,2.48,2.25
2012.10.10 14:02:28.559,1.26159,1.26178,2.29,1.50
2012.10.10 14:02:28.631,1.26161,1.26179,1.73,2.25
2012.10.10 14:02:28.881,1.26163,1.26181,1.73,1.50
2012.10.10 14:02:29.191,1.26166,1.26184,1.50,3.00
2012.10.10 14:02:29.553,1.2617,1.26185,1.50,1.95
2012.10.10 14:02:29.933,1.26172,1.26186,1.50,1.02
2012.10.10 14:02:30.498,1.26172,1.26189,2.25,1.88
2012.10.10 14:02:30.774,1.26172,1.2619,2.25,2.07
2012.10.10 14:02:31.402,1.26172,1.26191,2.25,1.50
2012.10.10 14:02:32.592,1.26173,1.26192,1.73,1.32
2012.10.10 14:02:32.901,1.26174,1.26192,1.50,1.32
2012.10.10 14:02:32.963,1.2618,1.26194,1.50,3.23
2012.10.10 14:02:33.091,1.26182,1.26197,1.50,2.07
2012.10.10 14:02:33.631,1.2618,1.26198,1.73,2.07
2012.10.10 14:02:34.314,1.2618,1.26198,1.73,1.32
2012.10.10 14:02:34.382,1.2618,1.26199,1.73,1.50
2012.10.10 14:02:34.992,1.2618,1.26198,1.73,1.50
2012.10.10 14:02:35.305,1.26184,1.26199,1.58,1.50
2012.10.10 14:02:35.647,1.26184,1.26196,1.20,1.32
2012.10.10 14:02:36.011,1.26184,1.26196,1.43,2.07
2012.10.10 14:02:36.252,1.26181,1.26196,1.50,2.07
2012.10.10 14:02:36.743,1.26181,1.26197,1.50,1.50
2012.10.10 14:02:37.251,1.26179,1.26198,1.73,1.50
2012.10.10 14:02:37.634,1.26176,1.26195,2.85,1.50
2012.10.10 14:02:38.182,1.26179,1.26198,1.73,1.50
2012.10.10 14:02:38.371,1.26177,1.26196,1.73,1.50
2012.10.10 14:02:38.551,1.26182,1.26199,1.50,1.50
2012.10.10 14:02:38.612,1.26184,1.262,1.50,1.50
2012.10.10 14:02:38.922,1.26187,1.26203,1.50,1.50
2012.10.10 14:02:39.845,1.26187,1.26204,1.50,1.50
2012.10.10 14:02:40.068,1.26186,1.26203,1.50,1.50
2012.10.10 14:02:40.513,1.26186,1.26202,1.50,1.50
2012.10.10 14:02:40.891,1.26184,1.26205,2.07,1.50
2012.10.10 14:02:41.011,1.26184,1.26205,2.29,1.50
2012.10.10 14:02:41.525,1.26185,1.26205,1.73,1.50
2012.10.10 14:02:41.591,1.26185,1.26205,1.73,1.50
2012.10.10 14:02:41.712,1.26189,1.26205,1.73,1.50
2012.10.10 14:02:42.132,1.26186,1.26203,1.73,1.50
2012.10.10 14:02:42.325,1.26186,1.26203,1.32,1.50
2012.10.10 14:02:42.573,1.26186,1.26203,1.32,2.10
2012.10.10 14:02:43.185,1.26176,1.26196,1.73,1.50
2012.10.10 14:02:43.721,1.26175,1.26195,1.54,1.50
2012.10.10 14:02:44.261,1.26179,1.26197,1.50,1.50
2012.10.10 14:02:44.951,1.26177,1.26197,1.73,2.44
2012.10.10 14:02:45.070,1.26173,1.26194,1.73,2.25
2012.10.10 14:02:45.131,1.26173,1.26192,1.73,1.50
2012.10.10 14:02:45.253,1.26179,1.26193,1.32,1.50
2012.10.10 14:02:45.453,1.26179,1.26198,1.54,1.50
2012.10.10 14:02:45.901,1.26179,1.26194,1.32,1.50
2012.10.10 14:02:45.974,1.26179,1.26194,1.32,1.50
2012.10.10 14:02:46.112,1.26179,1.26194,1.32,1.50
2012.10.10 14:02:46.641,1.26179,1.26194,1.32,1.50
2012.10.10 14:02:47.160,1.26174,1.26193,1.54,1.50
2012.10.10 14:02:47.232,1.26174,1.26193,1.54,1.50
2012.10.10 14:02:47.833,1.26174,1.26192,1.32,1.50
2012.10.10 14:02:48.371,1.26172,1.26192,1.54,1.50
2012.10.10 14:02:48.432,1.26173,1.26193,1.50,1.50
2012.10.10 14:02:48.851,1.26173,1.26196,2.48,1.50
2012.10.10 14:02:49.793,1.26173,1.26196,2.48,1.50
2012.10.10 14:02:49.878,1.26178,1.26198,2.48,2.07
2012.10.10 14:02:51.451,1.26178,1.26198,1.73,2.25
2012.10.10 14:02:51.515,1.26178,1.26198,1.50,2.25
2012.10.10 14:02:51.641,1.26178,1.26196,1.50,1.50
2012.10.10 14:02:51.955,1.26182,1.26198,1.32,1.50
2012.10.10 14:02:53.051,1.26182,1.26198,1.54,1.50
2012.10.10 14:02:53.742,1.26182,1.26198,1.54,1.50
2012.10.10 14:02:56.030,1.26182,1.262,1.32,1.50
2012.10.10 14:02:56.153,1.26182,1.262,1.32,1.50
2012.10.10 14:02:56.482,1.26182,1.26202,1.32,2.25
2012.10.10 14:02:56.614,1.26182,1.26202,1.32,1.50
2012.10.10 14:02:56.741,1.26181,1.26204,2.48,1.50
2012.10.10 14:02:56.871,1.26181,1.26206,2.48,2.07
2012.10.10 14:02:57.012,1.26182,1.26207,1.73,1.32
2012.10.10 14:02:57.071,1.26182,1.26205,1.73,1.50
2012.10.10 14:02:57.132,1.26182,1.26206,1.73,1.32
2012.10.10 14:02:57.202,1.26182,1.26207,1.73,1.32
2012.10.10 14:02:57.384,1.26185,1.26206,1.50,1.32
2012.10.10 14:02:57.603,1.26185,1.26206,1.50,1.32
2012.10.10 14:02:58.035,1.2619,1.26209,1.50,1.13
2012.10.10 14:02:59.324,1.26198,1.26218,1.50,2.07
2012.10.10 14:02:59.803,1.26198,1.26218,1.50,2.07
2012.10.10 14:03:00.288,1.26203,1.26218,1.73,1.50
2012.10.10 14:03:00.432,1.26202,1.26219,1.32,1.50
2012.10.10 14:03:01.136,1.26202,1.26219,1.32,1.50
2012.10.10 14:03:01.213,1.262,1.26219,1.50,1.32
2012.10.10 14:03:01.362,1.262,1.26219,2.07,1.32
2012.10.10 14:03:01.622,1.262,1.26215,1.32,1.50
2012.10.10 14:03:01.743,1.26197,1.26215,1.32,1.50
2012.10.10 14:03:01.884,1.26198,1.26215,1.50,1.50
2012.10.10 14:03:01.952,1.26199,1.26219,1.50,1.32
2012.10.10 14:03:02.141,1.262,1.26221,1.58,2.07
2012.10.10 14:03:02.203,1.26202,1.26221,2.48,1.32
2012.10.10 14:03:02.402,1.26206,1.26222,1.35,1.13
2012.10.10 14:03:02.951,1.262,1.26219,1.73,1.32
2012.10.10 14:03:03.352,1.26205,1.26223,1.54,1.32
2012.10.10 14:03:03.676,1.26208,1.26226,1.73,1.50
2012.10.10 14:03:04.102,1.26207,1.26225,1.32,1.50
2012.10.10 14:03:04.231,1.26207,1.26227,1.54,1.50
2012.10.10 14:03:04.352,1.26207,1.26227,1.54,1.50
2012.10.10 14:03:04.861,1.26208,1.26229,1.54,1.50
2012.10.10 14:03:04.922,1.26208,1.26229,1.54,2.25
2012.10.10 14:03:05.118,1.26208,1.26229,1.54,1.50
2012.10.10 14:03:05.510,1.2621,1.2623,1.54,1.94
2012.10.10 14:03:06.011,1.2621,1.2623,1.32,1.94
2012.10.10 14:03:06.070,1.2621,1.2623,1.32,1.94
2012.10.10 14:03:06.573,1.2621,1.2623,1.32,1.50
2012.10.10 14:03:07.167,1.26207,1.26229,1.54,1.50
2012.10.10 14:03:07.378,1.26218,1.26233,1.32,2.48
2012.10.10 14:03:07.682,1.26219,1.26233,1.13,1.50
2012.10.10 14:03:07.744,1.26221,1.26235,1.32,1.50
2012.10.10 14:03:07.816,1.26222,1.26236,1.32,1.50
2012.10.10 14:03:08.004,1.26225,1.26236,1.13,1.50
2012.10.10 14:03:08.252,1.2622,1.26237,1.13,1.50
2012.10.10 14:03:08.551,1.2622,1.26239,1.32,1.50
2012.10.10 14:03:08.731,1.26219,1.26239,1.32,1.50
2012.10.10 14:03:09.320,1.26217,1.26232,1.32,1.19
2012.10.10 14:03:09.630,1.26207,1.26224,1.13,2.48
2012.10.10 14:03:09.903,1.26206,1.26218,2.43,1.50
2012.10.10 14:03:09.974,1.26206,1.26218,1.68,1.50
2012.10.10 14:03:10.101,1.26206,1.26219,2.43,1.50
2012.10.10 14:03:10.282,1.26206,1.26222,2.43,1.50
2012.10.10 14:03:10.407,1.26206,1.26223,2.43,1.50
2012.10.10 14:03:10.722,1.26208,1.26224,1.50,1.50
2012.10.10 14:03:10.927,1.26207,1.26224,1.50,1.50
2012.10.10 14:03:11.462,1.26206,1.26224,1.50,1.50
2012.10.10 14:03:11.983,1.26204,1.26224,1.32,1.50
2012.10.10 14:03:12.234,1.26205,1.26227,1.50,2.07
2012.10.10 14:03:12.362,1.26203,1.26224,2.07,1.50
2012.10.10 14:03:12.482,1.26201,1.26222,1.32,1.50
2012.10.10 14:03:12.612,1.26201,1.26221,1.32,1.32
2012.10.10 14:03:12.683,1.26201,1.26221,1.32,2.10
2012.10.10 14:03:12.754,1.262,1.26218,2.29,1.50
2012.10.10 14:03:13.312,1.26198,1.26216,2.07,1.50
2012.10.10 14:03:13.662,1.26198,1.26215,1.32,1.50
2012.10.10 14:03:14.382,1.26198,1.26215,1.32,1.50
2012.10.10 14:03:14.890,1.26196,1.26215,2.07,1.50
2012.10.10 14:03:15.162,1.26196,1.26214,1.32,1.50
2012.10.10 14:03:15.504,1.26197,1.26216,1.32,1.50
2012.10.10 14:03:15.811,1.26203,1.26218,1.32,1.50
2012.10.10 14:03:15.931,1.26203,1.26221,2.07,1.50
2012.10.10 14:03:18.284,1.26203,1.26219,2.63,1.50
2012.10.10 14:03:18.711,1.26203,1.26219,1.88,2.25
2012.10.10 14:03:19.014,1.26199,1.26217,2.07,1.50
2012.10.10 14:03:19.084,1.26199,1.26217,2.07,1.50
2012.10.10 14:03:20.422,1.26199,1.26215,2.07,1.50
2012.10.10 14:03:20.732,1.26196,1.26211,2.25,1.50
2012.10.10 14:03:21.221,1.26194,1.26211,1.50,1.50
2012.10.10 14:03:21.543,1.26202,1.26214,1.35,1.50
2012.10.10 14:03:21.791,1.26202,1.26219,2.10,1.50
2012.10.10 14:03:21.921,1.26207,1.26222,1.50,1.50
2012.10.10 14:03:22.161,1.26207,1.26223,1.50,1.50
2012.10.10 14:03:22.563,1.26209,1.26224,1.50,1.32
2012.10.10 14:03:22.706,1.26211,1.26224,1.50,1.32
2012.10.10 14:03:23.016,1.26213,1.26226,1.50,1.32
2012.10.10 14:03:23.533,1.26211,1.26225,1.50,1.32
2012.10.10 14:03:23.726,1.26216,1.26231,1.32,2.25
2012.10.10 14:03:23.983,1.26216,1.26234,2.07,1.50
2012.10.10 14:03:24.524,1.26216,1.26233,2.07,1.50
2012.10.10 14:03:24.654,1.26217,1.26235,1.50,1.50
2012.10.10 14:03:25.062,1.26216,1.26235,2.29,1.50
2012.10.10 14:03:25.538,1.26219,1.26237,1.73,1.50
2012.10.10 14:03:25.604,1.26224,1.26238,1.50,1.50
2012.10.10 14:03:25.673,1.26224,1.26243,1.50,4.13
2012.10.10 14:03:25.814,1.2623,1.26244,1.50,1.32
2012.10.10 14:03:25.943,1.26226,1.26241,1.32,1.32
2012.10.10 14:03:26.132,1.26225,1.26238,1.50,1.32
2012.10.10 14:03:26.204,1.26221,1.26237,1.54,1.50
2012.10.10 14:03:26.271,1.26223,1.2624,1.73,2.93
2012.10.10 14:03:26.585,1.26222,1.26238,1.73,1.50
2012.10.10 14:03:27.099,1.26222,1.26239,1.50,1.50
2012.10.10 14:03:27.171,1.26222,1.26241,1.50,1.50
2012.10.10 14:03:27.431,1.26224,1.26242,1.50,1.50
2012.10.10 14:03:27.572,1.26225,1.26244,1.50,1.50
2012.10.10 14:03:28.004,1.26225,1.26246,1.50,2.07
2012.10.10 14:03:28.213,1.26232,1.26249,1.32,1.84
2012.10.10 14:03:28.425,1.26232,1.2625,2.82,2.18
2012.10.10 14:03:28.623,1.26234,1.26251,1.50,1.50
2012.10.10 14:03:28.693,1.26234,1.26253,1.50,1.50
2012.10.10 14:03:28.824,1.26236,1.26255,1.50,4.47
2012.10.10 14:03:29.171,1.26236,1.26255,1.50,1.32
2012.10.10 14:03:29.504,1.26241,1.26256,1.32,1.50
2012.10.10 14:03:29.814,1.26243,1.26257,1.35,1.50
2012.10.10 14:03:30.014,1.26243,1.26258,1.35,1.32
2012.10.10 14:03:30.083,1.26243,1.26261,1.35,1.50
2012.10.10 14:03:30.550,1.26241,1.26261,1.54,2.25
2012.10.10 14:03:30.698,1.26241,1.2626,1.54,1.50
2012.10.10 14:03:31.428,1.26238,1.26257,1.54,1.50
2012.10.10 14:03:31.745,1.26236,1.2625,1.50,1.50
2012.10.10 14:03:31.882,1.26236,1.26249,1.50,1.50
2012.10.10 14:03:31.951,1.26234,1.26249,2.07,1.50
2012.10.10 14:03:32.323,1.26234,1.26249,1.32,1.50
2012.10.10 14:03:32.874,1.26232,1.26247,1.32,1.50
2012.10.10 14:03:33.183,1.26231,1.26247,1.88,2.25
2012.10.10 14:03:33.592,1.26231,1.26247,1.88,2.25
2012.10.10 14:03:33.673,1.26225,1.26244,1.54,1.50
2012.10.10 14:03:34.074,1.26223,1.26241,1.54,1.50
2012.10.10 14:03:36.446,1.26222,1.26241,1.54,1.50
2012.10.10 14:03:36.804,1.26231,1.26241,1.32,1.50
2012.10.10 14:03:36.948,1.26227,1.26241,2.07,1.50
2012.10.10 14:03:37.016,1.26227,1.26244,2.07,1.50
2012.10.10 14:03:38.385,1.26224,1.26238,1.54,1.50
2012.10.10 14:03:38.515,1.26224,1.26241,1.32,1.50
2012.10.10 14:03:38.584,1.26222,1.26239,1.88,1.73
2012.10.10 14:03:39.026,1.26222,1.26233,1.88,1.50
2012.10.10 14:03:39.340,1.26222,1.26232,1.88,1.50
2012.10.10 14:03:39.706,1.26222,1.26228,1.32,1.50
2012.10.10 14:03:40.159,1.26211,1.26228,1.32,1.50
2012.10.10 14:03:41.735,1.26211,1.26228,1.32,1.50
2012.10.10 14:03:42.009,1.26215,1.26233,1.50,1.50
2012.10.10 14:03:42.562,1.26218,1.26236,1.50,1.50
2012.10.10 14:03:42.644,1.26218,1.26237,1.50,1.50
2012.10.10 14:03:42.855,1.26221,1.26239,1.50,1.50
2012.10.10 14:03:42.927,1.2622,1.26238,2.07,1.50
2012.10.10 14:03:43.182,1.26222,1.26239,1.50,2.03
2012.10.10 14:03:43.372,1.26229,1.26245,1.32,2.07
2012.10.10 14:03:43.502,1.26232,1.26249,1.32,1.73
2012.10.10 14:03:44.074,1.26232,1.26249,2.07,1.50
2012.10.10 14:03:44.141,1.26232,1.2625,1.32,2.25
2012.10.10 14:03:44.262,1.26234,1.26253,1.50,1.50
2012.10.10 14:03:44.338,1.26233,1.26252,1.50,1.50
2012.10.10 14:03:44.712,1.26231,1.26248,1.32,1.50
2012.10.10 14:03:45.239,1.26229,1.26246,1.32,1.50
2012.10.10 14:03:45.636,1.2623,1.26246,1.50,1.50
2012.10.10 14:03:45.702,1.2623,1.26246,1.50,1.50
2012.10.10 14:03:46.289,1.26228,1.26246,1.50,1.50
2012.10.10 14:03:46.592,1.26232,1.26246,1.35,1.50
2012.10.10 14:03:46.935,1.26243,1.2625,1.32,1.50
2012.10.10 14:03:47.264,1.2624,1.26246,2.74,1.50
2012.10.10 14:03:47.404,1.26241,1.26247,1.23,1.50
2012.10.10 14:03:47.476,1.26249,1.26256,1.54,1.50
2012.10.10 14:03:47.666,1.26245,1.26256,1.54,1.50
2012.10.10 14:03:48.003,1.26245,1.26254,1.54,1.50
2012.10.10 14:03:48.385,1.2624,1.26252,3.49,1.50
2012.10.10 14:03:48.465,1.26242,1.2626,1.32,1.50
2012.10.10 14:03:48.542,1.26241,1.2626,2.25,1.50
2012.10.10 14:03:48.623,1.26243,1.26259,1.50,1.19
2012.10.10 14:03:48.933,1.2624,1.2626,2.07,2.25
2012.10.10 14:03:49.299,1.2624,1.2626,2.29,3.00
2012.10.10 14:03:49.988,1.26236,1.26255,2.07,1.50
2012.10.10 14:03:50.333,1.26236,1.26255,1.50,1.50
2012.10.10 14:03:50.642,1.26246,1.2626,1.50,1.54
2012.10.10 14:03:50.714,1.26246,1.26263,1.50,1.54
2012.10.10 14:03:51.234,1.2625,1.26266,1.73,1.32
2012.10.10 14:03:51.782,1.26248,1.26262,1.50,1.32
2012.10.10 14:03:52.347,1.2625,1.26268,1.50,1.50
2012.10.10 14:03:52.415,1.26248,1.26267,1.50,1.50
2012.10.10 14:03:52.725,1.26248,1.26267,1.50,2.25
2012.10.10 14:03:52.866,1.26244,1.26263,2.07,1.73
2012.10.10 14:03:52.934,1.26246,1.26263,1.32,1.73
2012.10.10 14:03:53.002,1.26245,1.26263,1.50,1.73
2012.10.10 14:03:53.323,1.26246,1.26263,1.50,1.50
2012.10.10 14:03:53.677,1.2625,1.26268,2.25,1.73
2012.10.10 14:03:54.223,1.26249,1.26269,3.00,1.73
2012.10.10 14:03:56.137,1.2625,1.26266,1.50,1.50
2012.10.10 14:03:56.359,1.2625,1.26268,1.50,1.32
2012.10.10 14:03:56.903,1.26249,1.26268,3.00,2.29
2012.10.10 14:03:57.591,1.26244,1.26256,1.88,1.35
2012.10.10 14:03:57.803,1.26239,1.2625,1.17,1.32
2012.10.10 14:03:57.874,1.26237,1.2625,1.17,1.32
2012.10.10 14:03:57.949,1.26238,1.2625,1.17,1.32
2012.10.10 14:03:58.022,1.26235,1.26248,1.17,1.50
2012.10.10 14:03:58.226,1.26235,1.26252,1.50,1.73
2012.10.10 14:03:58.352,1.26235,1.26251,1.50,1.50
2012.10.10 14:03:58.413,1.26235,1.26252,1.50,1.50
2012.10.10 14:03:58.485,1.26235,1.26254,2.25,1.50
2012.10.10 14:03:58.731,1.26238,1.26258,1.50,2.25
2012.10.10 14:03:59.154,1.2624,1.26253,1.50,1.50
2012.10.10 14:03:59.363,1.26235,1.26249,2.63,1.50
2012.10.10 14:03:59.683,1.26235,1.26248,1.88,1.50
2012.10.10 14:03:59.764,1.26235,1.2625,1.88,1.50
2012.10.10 14:04:00.330,1.26236,1.2625,1.32,1.50
2012.10.10 14:04:00.474,1.26236,1.26253,1.32,1.50
2012.10.10 14:04:00.794,1.26237,1.26255,1.50,1.50
2012.10.10 14:04:00.983,1.26238,1.26259,2.10,1.50
2012.10.10 14:04:01.291,1.26236,1.26251,2.22,1.19
2012.10.10 14:04:01.411,1.26235,1.26245,2.10,1.50
2012.10.10 14:04:01.959,1.26231,1.26244,1.32,1.73
2012.10.10 14:04:02.092,1.26239,1.26244,1.32,1.73
2012.10.10 14:04:02.214,1.26226,1.26244,1.88,1.73
2012.10.10 14:04:03.645,1.26226,1.26243,1.50,2.82
2012.10.10 14:04:03.956,1.2622,1.26236,2.82,1.54
2012.10.10 14:04:04.264,1.2622,1.26239,1.32,2.25
2012.10.10 14:04:04.738,1.26217,1.26237,2.07,3.00
2012.10.10 14:04:04.820,1.26216,1.26232,1.32,1.50
2012.10.10 14:04:05.453,1.26214,1.26232,2.07,1.50
2012.10.10 14:04:05.957,1.26212,1.2623,2.07,2.25
2012.10.10 14:04:06.028,1.26212,1.2623,1.32,2.25
2012.10.10 14:04:06.331,1.26215,1.26235,1.50,2.07
2012.10.10 14:04:06.959,1.26218,1.26235,1.50,2.07
2012.10.10 14:04:07.042,1.26224,1.26239,1.50,1.90
2012.10.10 14:04:07.236,1.26224,1.2624,1.50,1.19
2012.10.10 14:04:07.746,1.26224,1.26242,1.50,3.00
2012.10.10 14:04:08.434,1.26223,1.2624,1.50,1.50
2012.10.10 14:04:08.816,1.26221,1.26241,2.07,2.25
2012.10.10 14:04:08.881,1.26221,1.26241,2.07,2.48
2012.10.10 14:04:09.006,1.26221,1.2624,2.07,1.50
2012.10.10 14:04:09.074,1.26221,1.26239,2.07,1.50
2012.10.10 14:04:09.144,1.26221,1.26237,1.32,1.50
2012.10.10 14:04:09.333,1.2622,1.26236,2.07,1.73
2012.10.10 14:04:09.403,1.2622,1.26236,2.07,1.73
2012.10.10 14:04:09.982,1.2622,1.26239,1.50,1.54
2012.10.10 14:04:10.294,1.2622,1.26239,2.25,1.32
2012.10.10 14:04:10.363,1.26222,1.26239,1.50,1.32
2012.10.10 14:04:10.754,1.26224,1.26241,1.32,1.50
2012.10.10 14:04:10.881,1.26225,1.26242,1.50,1.50
2012.10.10 14:04:11.002,1.26228,1.26245,1.50,1.73
2012.10.10 14:04:11.463,1.26224,1.26241,1.32,1.50
2012.10.10 14:04:11.722,1.26224,1.26241,1.32,1.73
2012.10.10 14:04:12.292,1.26218,1.26238,2.82,1.50
2012.10.10 14:04:13.301,1.26222,1.26242,1.50,2.48
2012.10.10 14:04:13.543,1.26222,1.26242,1.50,2.48
2012.10.10 14:04:13.672,1.26221,1.26238,1.50,1.50
2012.10.10 14:04:14.211,1.26218,1.26236,2.82,1.50
2012.10.10 14:04:15.424,1.26218,1.26234,1.50,1.73
2012.10.10 14:04:15.513,1.26211,1.26229,2.63,2.25
2012.10.10 14:04:16.505,1.26212,1.26227,1.32,1.50
2012.10.10 14:04:16.693,1.2621,1.26227,1.50,1.50
2012.10.10 14:04:16.766,1.26211,1.26229,1.50,1.50
2012.10.10 14:04:16.974,1.26211,1.26231,1.50,1.73
2012.10.10 14:04:17.165,1.26216,1.26233,1.50,1.54
2012.10.10 14:04:17.294,1.26216,1.26235,1.50,2.82
2012.10.10 14:04:17.422,1.26219,1.26236,1.50,1.50
2012.10.10 14:04:17.728,1.2622,1.26239,1.50,2.29
2012.10.10 14:04:17.852,1.26216,1.26235,1.50,1.50
2012.10.10 14:04:17.921,1.26217,1.26235,1.13,1.50
2012.10.10 14:04:19.134,1.26217,1.26235,1.13,1.50
2012.10.10 14:04:19.706,1.26219,1.26237,1.50,1.73
2012.10.10 14:04:20.263,1.26217,1.26235,1.50,1.50
2012.10.10 14:04:20.331,1.26215,1.26235,2.82,1.50
2012.10.10 14:04:21.110,1.26215,1.26234,2.07,1.50
2012.10.10 14:04:21.270,1.26214,1.26231,2.07,1.50
2012.10.10 14:04:23.384,1.26215,1.26231,1.32,1.50
2012.10.10 14:04:23.453,1.26217,1.26235,1.50,1.50
2012.10.10 14:04:23.521,1.26221,1.26236,1.32,1.50
2012.10.10 14:04:23.702,1.26221,1.26239,1.32,2.48
2012.10.10 14:04:24.035,1.26221,1.26238,1.32,1.50
2012.10.10 14:04:24.342,1.26218,1.26233,1.50,1.50
2012.10.10 14:04:24.722,1.26214,1.26232,1.32,2.48
2012.10.10 14:04:24.842,1.26214,1.26229,1.32,2.25
2012.10.10 14:04:25.981,1.26214,1.26229,1.13,2.25
2012.10.10 14:04:26.346,1.2622,1.26232,1.32,1.73
2012.10.10 14:04:26.413,1.2622,1.26233,1.32,1.73
2012.10.10 14:04:26.807,1.26219,1.26232,1.32,1.50
2012.10.10 14:04:27.135,1.26216,1.26229,1.88,2.25
2012.10.10 14:04:27.203,1.26216,1.26229,1.13,3.00
2012.10.10 14:04:27.631,1.26216,1.26232,1.88,2.25
2012.10.10 14:04:27.871,1.26216,1.26232,1.88,2.25
2012.10.10 14:04:27.991,1.26216,1.26234,1.88,1.50
2012.10.10 14:04:28.050,1.26216,1.26236,1.88,2.69
2012.10.10 14:04:28.170,1.26217,1.26236,1.32,1.94
2012.10.10 14:04:28.696,1.26225,1.26238,1.32,3.00
2012.10.10 14:04:28.767,1.26225,1.26238,1.32,2.25
2012.10.10 14:04:28.839,1.26225,1.2624,1.32,1.73
2012.10.10 14:04:28.905,1.26223,1.26239,1.32,1.50
2012.10.10 14:04:29.031,1.26217,1.26236,2.29,1.50
2012.10.10 14:04:29.152,1.26217,1.26237,2.07,1.50
2012.10.10 14:04:29.332,1.26222,1.26236,1.50,1.50
2012.10.10 14:04:29.713,1.26217,1.26234,1.50,1.50
2012.10.10 14:04:30.033,1.26216,1.2623,1.50,2.25
2012.10.10 14:04:30.363,1.26212,1.26228,1.88,1.50
2012.10.10 14:04:30.493,1.26212,1.26228,1.32,2.25
2012.10.10 14:04:30.563,1.26212,1.26228,1.32,2.48
2012.10.10 14:04:30.632,1.26212,1.26228,1.32,2.48
2012.10.10 14:04:31.482,1.26209,1.26227,1.32,1.50
2012.10.10 14:04:31.963,1.26208,1.26226,1.88,1.50
2012.10.10 14:04:32.220,1.26209,1.26226,1.32,1.50
2012.10.10 14:04:32.832,1.26209,1.26225,1.32,1.50
2012.10.10 14:04:33.353,1.26208,1.26226,2.07,1.50
2012.10.10 14:04:34.313,1.2621,1.26228,1.50,2.25
2012.10.10 14:04:34.702,1.2621,1.26228,1.50,2.25
2012.10.10 14:04:36.082,1.2621,1.26226,1.50,1.50
2012.10.10 14:04:36.482,1.26206,1.26224,1.50,1.50
2012.10.10 14:04:36.792,1.26204,1.26221,1.88,1.50
2012.10.10 14:04:37.102,1.2621,1.26225,1.32,1.50
2012.10.10 14:04:37.302,1.2621,1.26227,1.32,1.50
2012.10.10 14:04:37.544,1.2621,1.26226,1.32,1.50
2012.10.10 14:04:38.093,1.2621,1.26224,1.32,1.50
2012.10.10 14:04:38.321,1.2621,1.26228,1.32,1.50
2012.10.10 14:04:39.891,1.26212,1.26229,1.50,1.50
2012.10.10 14:04:40.442,1.26208,1.26227,2.07,1.50
2012.10.10 14:04:40.582,1.26208,1.26227,2.07,1.50
2012.10.10 14:04:40.917,1.26218,1.26232,1.32,1.73
2012.10.10 14:04:40.987,1.26218,1.26234,1.32,1.50
2012.10.10 14:04:41.172,1.26215,1.26231,1.13,1.50
2012.10.10 14:04:41.232,1.26215,1.26229,1.13,2.25
2012.10.10 14:04:41.294,1.26213,1.26229,1.32,2.25
2012.10.10 14:04:41.364,1.26213,1.26224,1.32,1.50
2012.10.10 14:04:41.812,1.26214,1.26228,1.32,1.50
2012.10.10 14:04:41.871,1.26209,1.26228,1.50,1.50
2012.10.10 14:04:42.143,1.2621,1.26229,1.50,1.73
2012.10.10 14:04:42.653,1.26214,1.26232,1.50,1.73
2012.10.10 14:04:42.782,1.26212,1.26232,1.50,1.73
2012.10.10 14:04:43.081,1.26215,1.26233,1.50,1.50
2012.10.10 14:04:43.601,1.26215,1.26233,1.50,1.73
2012.10.10 14:04:43.891,1.26215,1.26233,1.50,1.73
2012.10.10 14:04:44.452,1.26215,1.26233,1.50,2.25
2012.10.10 14:04:44.934,1.26219,1.26237,1.50,1.50
2012.10.10 14:04:45.275,1.26221,1.2624,1.50,1.50
2012.10.10 14:04:45.475,1.2622,1.26238,1.50,1.50
2012.10.10 14:04:45.673,1.26229,1.26241,1.50,1.50
2012.10.10 14:04:45.924,1.2623,1.26245,1.32,2.82
2012.10.10 14:04:46.423,1.2623,1.26246,1.32,1.88
2012.10.10 14:04:47.991,1.2623,1.26246,2.07,1.50
2012.10.10 14:04:48.613,1.2623,1.26246,2.07,1.50
2012.10.10 14:04:48.682,1.2623,1.26246,2.07,1.50
2012.10.10 14:04:49.650,1.26227,1.26246,2.07,2.25
2012.10.10 14:04:49.713,1.26223,1.26242,3.45,2.25
2012.10.10 14:04:49.842,1.26223,1.2624,1.32,1.50
2012.10.10 14:04:49.972,1.26223,1.26241,1.32,1.50
2012.10.10 14:04:50.210,1.26226,1.26245,1.32,2.25
2012.10.10 14:04:51.331,1.26225,1.26245,1.50,2.25
2012.10.10 14:04:52.477,1.26225,1.26244,1.50,1.50
2012.10.10 14:04:52.920,1.26224,1.26241,2.07,1.50
2012.10.10 14:04:53.101,1.26222,1.2624,1.32,2.25
2012.10.10 14:04:53.461,1.26225,1.26242,1.32,2.25
2012.10.10 14:04:54.244,1.26225,1.26242,1.32,2.25
2012.10.10 14:04:54.785,1.26222,1.26241,1.50,1.50
2012.10.10 14:04:54.913,1.26224,1.26243,1.50,1.50
2012.10.10 14:04:54.983,1.26223,1.26241,1.50,1.50
2012.10.10 14:04:55.248,1.26222,1.2624,1.50,1.50
2012.10.10 14:04:55.632,1.26223,1.26243,1.50,2.25
2012.10.10 14:04:55.752,1.26228,1.26245,1.50,1.50
2012.10.10 14:04:56.641,1.26225,1.26244,1.50,1.50
2012.10.10 14:04:56.892,1.26224,1.26243,2.07,1.50
2012.10.10 14:04:56.962,1.26223,1.26239,2.07,1.50
2012.10.10 14:04:57.433,1.26221,1.26237,1.50,1.50
2012.10.10 14:04:57.744,1.26216,1.26227,1.50,1.50
2012.10.10 14:04:57.884,1.26212,1.26227,2.07,1.50
2012.10.10 14:04:58.253,1.26212,1.26223,1.32,1.50
2012.10.10 14:04:58.382,1.26206,1.26222,1.50,2.25
2012.10.10 14:04:59.221,1.26205,1.26224,2.07,1.50
2012.10.10 14:04:59.343,1.26212,1.26224,1.32,1.50
2012.10.10 14:04:59.472,1.26214,1.2623,1.50,1.13
2012.10.10 14:04:59.602,1.26214,1.26232,1.50,2.25
2012.10.10 14:05:00.111,1.26215,1.26234,1.50,3.00
2012.10.10 14:05:00.882,1.26212,1.26231,2.07,1.50
2012.10.10 14:05:01.744,1.26216,1.26233,1.50,1.50
2012.10.10 14:05:02.277,1.26217,1.26233,1.50,1.50
2012.10.10 14:05:04.188,1.26215,1.26233,1.50,1.50
2012.10.10 14:05:04.395,1.26212,1.26229,1.32,2.25
2012.10.10 14:05:04.584,1.26212,1.26233,1.32,3.00
2012.10.10 14:05:04.651,1.26213,1.26233,1.50,2.25
2012.10.10 14:05:04.833,1.26216,1.26234,1.50,2.25
2012.10.10 14:05:05.022,1.26214,1.26233,1.50,1.50
2012.10.10 14:05:05.363,1.26217,1.26234,1.50,1.50
2012.10.10 14:05:05.431,1.26218,1.26235,1.50,1.32
2012.10.10 14:05:06.123,1.26218,1.26235,1.50,1.32
2012.10.10 14:05:06.394,1.26217,1.26235,1.50,1.32
2012.10.10 14:05:06.603,1.26227,1.26241,1.50,1.65
2012.10.10 14:05:07.554,1.26231,1.26245,1.32,1.50
2012.10.10 14:05:08.261,1.26231,1.26249,1.32,2.25
2012.10.10 14:05:09.568,1.26231,1.26248,1.32,1.50
2012.10.10 14:05:09.698,1.26229,1.26247,1.54,1.50
2012.10.10 14:05:10.033,1.26222,1.26239,3.57,2.25
2012.10.10 14:05:10.546,1.26222,1.26239,2.82,2.25
2012.10.10 14:05:11.209,1.26222,1.26239,2.07,1.50
2012.10.10 14:05:11.752,1.26222,1.26239,1.32,1.50
2012.10.10 14:05:12.562,1.26219,1.26232,1.32,2.07
2012.10.10 14:05:12.632,1.26218,1.2623,1.32,1.50
2012.10.10 14:05:12.763,1.26218,1.26232,1.32,1.50
2012.10.10 14:05:13.233,1.26219,1.26236,1.32,1.50
2012.10.10 14:05:13.585,1.26219,1.26237,1.50,1.50
2012.10.10 14:05:14.111,1.2622,1.26238,1.32,2.25
2012.10.10 14:05:14.352,1.26221,1.26239,1.32,1.50
2012.10.10 14:05:14.592,1.26225,1.26241,1.50,1.32
2012.10.10 14:05:15.581,1.26225,1.26244,1.50,1.50
2012.10.10 14:05:15.853,1.26223,1.26241,1.54,1.50
2012.10.10 14:05:15.922,1.26221,1.2624,3.60,1.50
2012.10.10 14:05:15.993,1.26221,1.2624,3.79,1.50
2012.10.10 14:05:16.063,1.26221,1.26234,2.29,1.50
2012.10.10 14:05:16.453,1.26222,1.26238,1.32,1.50
2012.10.10 14:05:16.593,1.26222,1.2624,1.32,3.00
2012.10.10 14:05:16.720,1.26222,1.26239,1.32,1.50
2012.10.10 14:05:17.179,1.26221,1.26237,1.32,1.50
2012.10.10 14:05:17.757,1.26222,1.26236,1.32,1.50
2012.10.10 14:05:18.232,1.26219,1.26236,1.32,1.50
2012.10.10 14:05:18.782,1.26219,1.26236,1.32,1.50
2012.10.10 14:05:18.841,1.26219,1.26238,2.07,2.25
2012.10.10 14:05:19.480,1.26219,1.26238,1.50,1.50
2012.10.10 14:05:19.842,1.26219,1.26238,1.50,2.25
2012.10.10 14:05:20.921,1.26218,1.26235,1.32,2.25
2012.10.10 14:05:21.272,1.26217,1.26235,1.88,3.00
2012.10.10 14:05:21.525,1.26217,1.26234,1.88,2.25
2012.10.10 14:05:21.591,1.26217,1.26234,1.88,1.50
2012.10.10 14:05:22.253,1.26217,1.26234,1.32,2.25
2012.10.10 14:05:22.702,1.26216,1.26235,1.32,1.50
2012.10.10 14:05:23.061,1.26219,1.26235,1.50,1.50
2012.10.10 14:05:23.512,1.26219,1.26237,1.50,1.50
2012.10.10 14:05:23.705,1.26224,1.2624,1.32,2.25
2012.10.10 14:05:23.891,1.26225,1.26242,1.50,1.50
2012.10.10 14:05:24.072,1.26226,1.26244,1.50,2.25
2012.10.10 14:05:24.132,1.26226,1.26244,1.50,2.25
2012.10.10 14:05:24.453,1.26228,1.26247,1.50,3.57
2012.10.10 14:05:24.807,1.26235,1.2625,1.73,2.40
2012.10.10 14:05:24.874,1.26235,1.26251,1.73,1.50
2012.10.10 14:05:25.393,1.26233,1.26246,2.29,1.50
2012.10.10 14:05:25.746,1.26232,1.26245,1.32,1.50
2012.10.10 14:05:25.887,1.26233,1.2625,1.32,1.50
2012.10.10 14:05:26.073,1.26231,1.2625,1.50,1.50
2012.10.10 14:05:26.213,1.26231,1.26248,1.73,1.50
2012.10.10 14:05:26.523,1.2623,1.26245,2.07,1.50
2012.10.10 14:05:27.072,1.26232,1.26249,1.50,1.50
2012.10.10 14:05:28.533,1.26232,1.2625,1.50,1.50
2012.10.10 14:05:28.841,1.26232,1.26247,1.50,1.32
2012.10.10 14:05:29.142,1.26228,1.26244,1.50,2.07
2012.10.10 14:05:29.201,1.26226,1.26241,2.25,2.25
2012.10.10 14:05:29.322,1.26223,1.26241,2.25,2.25
2012.10.10 14:05:29.381,1.26223,1.26241,1.50,2.25
2012.10.10 14:05:30.612,1.26223,1.26241,2.25,1.50
2012.10.10 14:05:30.731,1.26234,1.26248,1.50,1.54
2012.10.10 14:05:30.853,1.26234,1.2625,1.50,1.32
2012.10.10 14:05:30.923,1.26237,1.26252,1.50,1.50
2012.10.10 14:05:31.172,1.26236,1.26252,1.50,1.50
2012.10.10 14:05:31.233,1.26232,1.2625,3.00,1.50
2012.10.10 14:05:31.601,1.2623,1.26249,1.32,1.50
2012.10.10 14:05:31.784,1.26229,1.26249,2.25,1.50
2012.10.10 14:05:31.912,1.26228,1.26246,2.82,1.50
2012.10.10 14:05:33.145,1.26226,1.26245,1.50,1.50
2012.10.10 14:05:33.584,1.26224,1.26241,1.32,1.50
2012.10.10 14:05:33.666,1.26223,1.26241,2.07,2.25
2012.10.10 14:05:33.882,1.26225,1.26244,1.50,2.07
2012.10.10 14:05:34.122,1.26226,1.26244,1.50,1.32
2012.10.10 14:05:34.672,1.26228,1.26247,2.07,1.50
2012.10.10 14:05:35.577,1.26231,1.2625,1.50,2.25
2012.10.10 14:05:36.091,1.26231,1.26249,2.25,1.50
2012.10.10 14:05:36.453,1.26241,1.26251,1.50,1.54
2012.10.10 14:05:36.703,1.26244,1.2626,1.50,1.32
2012.10.10 14:05:37.272,1.26242,1.26255,1.32,1.50
2012.10.10 14:05:37.881,1.2624,1.26255,1.32,1.50
2012.10.10 14:05:38.401,1.2624,1.26256,1.32,1.50
2012.10.10 14:05:38.953,1.26242,1.26259,1.32,1.50
2012.10.10 14:05:39.142,1.26242,1.2626,1.54,1.50
2012.10.10 14:05:39.215,1.26241,1.2626,1.73,1.50
2012.10.10 14:05:39.652,1.26244,1.26264,1.73,2.25
2012.10.10 14:05:40.520,1.26247,1.26265,1.32,1.50
2012.10.10 14:05:40.842,1.26247,1.26265,1.32,1.50
2012.10.10 14:05:41.685,1.26248,1.26265,2.10,1.50
2012.10.10 14:05:41.933,1.26253,1.26269,1.32,1.50
2012.10.10 14:05:42.002,1.26253,1.26268,1.32,1.50
2012.10.10 14:05:42.492,1.26248,1.26265,2.25,1.50
2012.10.10 14:05:42.802,1.26248,1.26264,2.25,1.50
2012.10.10 14:05:43.191,1.26248,1.26264,1.32,1.50
2012.10.10 14:05:44.210,1.26244,1.26262,1.50,1.50
2012.10.10 14:05:44.822,1.26244,1.26263,1.50,2.25
2012.10.10 14:05:44.881,1.26246,1.26263,1.50,1.50
2012.10.10 14:05:45.131,1.26248,1.26262,1.32,1.50
2012.10.10 14:05:45.322,1.26241,1.2626,1.50,2.25
2012.10.10 14:05:45.383,1.2624,1.26258,1.32,1.50
2012.10.10 14:05:45.512,1.26238,1.26254,1.32,1.50
2012.10.10 14:05:45.872,1.26235,1.26253,1.50,2.25
2012.10.10 14:05:46.232,1.26236,1.26253,2.07,1.50
2012.10.10 14:05:46.872,1.26236,1.26254,2.07,1.50
2012.10.10 14:05:47.383,1.26237,1.26255,1.50,1.50
2012.10.10 14:05:47.457,1.26241,1.26257,1.32,1.50
2012.10.10 14:05:47.764,1.26243,1.26262,1.50,1.32
2012.10.10 14:05:48.315,1.26246,1.26263,1.50,1.75
2012.10.10 14:05:48.516,1.26245,1.26262,1.73,1.50
2012.10.10 14:05:48.655,1.26246,1.26262,1.73,1.50
2012.10.10 14:05:48.783,1.26246,1.26264,1.73,1.32
2012.10.10 14:05:49.166,1.26252,1.26264,1.50,1.32
2012.10.10 14:05:49.234,1.26253,1.26264,1.50,1.32
2012.10.10 14:05:49.303,1.26245,1.26263,2.48,1.50
2012.10.10 14:05:49.734,1.26247,1.26263,1.50,2.25
2012.10.10 14:05:50.774,1.26245,1.26263,1.32,1.50
2012.10.10 14:05:51.121,1.26245,1.26265,2.82,1.50
2012.10.10 14:05:51.344,1.26245,1.26265,2.82,1.50
2012.10.10 14:05:51.420,1.26245,1.26263,1.32,2.25
2012.10.10 14:05:51.632,1.26245,1.26264,2.82,1.50
2012.10.10 14:05:52.352,1.26245,1.26263,2.07,1.50
2012.10.10 14:05:52.600,1.26245,1.26265,2.82,1.50
2012.10.10 14:05:53.033,1.26245,1.2626,1.32,1.50
2012.10.10 14:05:53.592,1.26242,1.2626,1.54,1.50
2012.10.10 14:05:54.135,1.26243,1.2626,1.32,1.50
2012.10.10 14:05:54.213,1.26242,1.2626,2.07,1.50
2012.10.10 14:05:54.283,1.26243,1.26261,1.50,1.50
2012.10.10 14:05:54.353,1.26241,1.2626,2.07,2.25
2012.10.10 14:05:54.692,1.26242,1.26261,2.07,1.50
2012.10.10 14:05:54.931,1.2624,1.26252,1.50,1.32
2012.10.10 14:05:55.115,1.26238,1.26252,1.50,1.32
2012.10.10 14:05:55.256,1.26238,1.26255,1.32,1.50
2012.10.10 14:05:55.393,1.26243,1.2626,1.50,1.73
2012.10.10 14:05:55.899,1.26241,1.26257,1.50,1.73
2012.10.10 14:05:55.964,1.26241,1.26257,1.50,1.50
2012.10.10 14:05:56.212,1.26238,1.26256,2.82,1.50
2012.10.10 14:05:56.495,1.26238,1.26256,1.32,2.25
2012.10.10 14:05:56.624,1.26238,1.26257,1.50,2.07
2012.10.10 14:05:56.692,1.26236,1.26256,1.50,1.50
2012.10.10 14:05:56.763,1.26239,1.26256,1.50,1.50
2012.10.10 14:05:56.954,1.26239,1.26256,1.50,1.50
2012.10.10 14:05:57.141,1.26236,1.26255,1.50,1.50
2012.10.10 14:05:57.313,1.26236,1.26255,1.50,1.50
2012.10.10 14:05:57.596,1.26236,1.26255,1.50,2.25
2012.10.10 14:05:57.672,1.26236,1.26254,1.50,1.32
2012.10.10 14:05:58.227,1.26235,1.26251,2.25,1.50
2012.10.10 14:05:58.603,1.26235,1.26251,1.50,2.25
2012.10.10 14:05:58.913,1.26235,1.26251,1.50,1.50
2012.10.10 14:05:59.101,1.2624,1.26255,1.50,1.32
2012.10.10 14:05:59.841,1.26241,1.2626,1.50,1.50
2012.10.10 14:06:00.144,1.26244,1.2626,1.50,1.50
2012.10.10 14:06:00.213,1.26244,1.2626,1.50,1.50
2012.10.10 14:06:00.414,1.26246,1.26261,1.50,1.32
2012.10.10 14:06:00.542,1.26246,1.26264,2.07,1.50
2012.10.10 14:06:00.663,1.26246,1.26261,1.32,1.50
2012.10.10 14:06:00.732,1.26248,1.26261,1.50,1.50
2012.10.10 14:06:00.913,1.26245,1.26262,1.32,1.50
2012.10.10 14:06:01.434,1.26243,1.26262,2.25,2.25
2012.10.10 14:06:01.874,1.26243,1.26261,1.50,1.50
2012.10.10 14:06:02.004,1.2624,1.26259,2.07,1.50
2012.10.10 14:06:02.657,1.26242,1.2626,1.50,1.50
2012.10.10 14:06:03.236,1.26241,1.2626,1.13,2.25
2012.10.10 14:06:03.387,1.2624,1.26259,1.69,1.50
2012.10.10 14:06:03.736,1.26246,1.26263,1.50,1.50
2012.10.10 14:06:03.868,1.26246,1.26263,1.50,1.50
2012.10.10 14:06:05.002,1.26243,1.26263,2.82,1.50
2012.10.10 14:06:05.243,1.26241,1.26259,2.07,1.50
2012.10.10 14:06:05.373,1.26242,1.26256,1.32,1.50
2012.10.10 14:06:05.682,1.26238,1.26253,1.50,2.48
2012.10.10 14:06:05.805,1.26235,1.26251,1.13,1.50
2012.10.10 14:06:06.587,1.26234,1.26253,1.50,2.48
2012.10.10 14:06:06.653,1.26235,1.26253,1.50,1.73
2012.10.10 14:06:08.372,1.26236,1.26253,1.50,2.25
2012.10.10 14:06:09.702,1.26236,1.26254,1.50,1.50
2012.10.10 14:06:11.891,1.26236,1.26253,1.50,1.50
2012.10.10 14:06:11.952,1.26238,1.26254,1.50,1.50
2012.10.10 14:06:12.082,1.26236,1.26252,1.50,1.50
2012.10.10 14:06:12.322,1.26236,1.26252,1.50,1.50
2012.10.10 14:06:15.082,1.26236,1.26252,1.50,1.50
2012.10.10 14:06:15.816,1.26236,1.26253,1.50,1.50
2012.10.10 14:06:16.143,1.2624,1.26258,1.50,2.07
2012.10.10 14:06:16.332,1.26242,1.26258,1.50,1.32
2012.10.10 14:06:16.453,1.26242,1.26258,1.50,1.32
2012.10.10 14:06:16.523,1.26242,1.26258,1.50,2.07
2012.10.10 14:06:16.952,1.26241,1.26259,1.50,1.32
2012.10.10 14:06:17.133,1.26241,1.2626,1.50,1.32
2012.10.10 14:06:17.322,1.26247,1.26263,1.50,1.50
2012.10.10 14:06:17.442,1.26248,1.26265,2.25,1.88
2012.10.10 14:06:18.415,1.26248,1.26266,2.25,1.88
2012.10.10 14:06:18.685,1.26248,1.26267,2.25,1.32
2012.10.10 14:06:19.341,1.2625,1.26268,1.50,2.07
2012.10.10 14:06:19.717,1.26254,1.26268,1.50,1.32
2012.10.10 14:06:20.022,1.26266,1.26275,1.50,1.73
2012.10.10 14:06:20.083,1.26262,1.26275,1.32,1.50
2012.10.10 14:06:20.151,1.26258,1.26275,1.88,1.50
2012.10.10 14:06:20.331,1.26256,1.26274,1.32,2.25
2012.10.10 14:06:20.467,1.26255,1.26274,2.07,2.25
2012.10.10 14:06:20.596,1.26255,1.26272,1.32,1.50
2012.10.10 14:06:20.725,1.26255,1.26274,2.07,1.50
2012.10.10 14:06:22.661,1.26256,1.26274,1.54,1.50
2012.10.10 14:06:23.571,1.26256,1.26272,1.54,1.50
2012.10.10 14:06:23.874,1.26256,1.26274,2.29,1.50
2012.10.10 14:06:23.941,1.26256,1.26275,2.29,1.50
2012.10.10 14:06:24.621,1.26256,1.26274,2.29,1.50
2012.10.10 14:06:24.991,1.26258,1.26274,1.32,3.00
2012.10.10 14:06:25.561,1.26254,1.2627,1.13,1.50
2012.10.10 14:06:25.920,1.26254,1.26265,1.13,2.25
2012.10.10 14:06:26.335,1.26255,1.26267,1.13,1.50
2012.10.10 14:06:26.462,1.26255,1.26268,1.13,1.50
2012.10.10 14:06:26.832,1.26253,1.26267,1.50,1.50
2012.10.10 14:06:27.532,1.26247,1.26265,2.29,1.50
2012.10.10 14:06:27.653,1.26247,1.26265,1.50,1.50
2012.10.10 14:06:29.022,1.26247,1.26266,1.50,1.50
2012.10.10 14:06:30.164,1.26248,1.26267,1.50,1.50
2012.10.10 14:06:30.722,1.26248,1.26267,1.50,1.50
2012.10.10 14:06:31.022,1.26247,1.26265,1.50,2.25
2012.10.10 14:06:31.201,1.26247,1.26265,1.50,1.50
2012.10.10 14:06:31.264,1.26247,1.26265,2.29,1.50
2012.10.10 14:06:31.333,1.26247,1.26263,1.54,1.50
2012.10.10 14:06:31.659,1.2625,1.26267,1.50,1.50
2012.10.10 14:06:31.902,1.2625,1.26267,1.50,1.50
2012.10.10 14:06:32.021,1.2625,1.2627,2.82,2.25
2012.10.10 14:06:32.143,1.2625,1.2627,2.07,2.25
2012.10.10 14:06:32.336,1.2625,1.26267,1.32,1.50
2012.10.10 14:06:32.479,1.2625,1.26267,1.32,1.50
2012.10.10 14:06:32.935,1.2625,1.26267,1.32,1.50
2012.10.10 14:06:33.123,1.2625,1.26267,1.32,1.50
2012.10.10 14:06:33.252,1.2625,1.26267,1.32,1.50
2012.10.10 14:06:33.863,1.2625,1.26266,1.50,1.50
2012.10.10 14:06:33.933,1.26248,1.26265,1.54,1.50
2012.10.10 14:06:34.362,1.26245,1.26264,1.50,1.50
2012.10.10 14:06:35.038,1.26249,1.26266,1.54,1.50
2012.10.10 14:06:35.114,1.2625,1.26268,1.73,1.50
2012.10.10 14:06:35.974,1.26247,1.26264,2.29,1.50
2012.10.10 14:06:36.292,1.26243,1.26264,2.82,2.25
2012.10.10 14:06:36.777,1.26243,1.26259,2.07,1.50
2012.10.10 14:06:37.043,1.26243,1.26259,1.32,1.50
2012.10.10 14:06:37.258,1.26243,1.26261,2.07,1.50
2012.10.10 14:06:37.333,1.26245,1.26263,1.50,1.50
2012.10.10 14:06:37.821,1.26243,1.2626,1.50,1.50
2012.10.10 14:06:37.883,1.26242,1.26259,1.50,1.50
2012.10.10 14:06:38.432,1.26241,1.26259,2.25,1.50
2012.10.10 14:06:38.984,1.26241,1.26259,1.50,1.50
2012.10.10 14:06:39.113,1.2624,1.26256,1.50,1.50
2012.10.10 14:06:39.311,1.26239,1.26256,1.50,2.10
2012.10.10 14:06:39.632,1.26238,1.26252,1.13,1.50
2012.10.10 14:06:39.771,1.26234,1.26252,1.50,2.25
2012.10.10 14:06:39.952,1.26233,1.26251,3.00,1.50
2012.10.10 14:06:40.152,1.26233,1.26251,2.25,2.25
2012.10.10 14:06:40.713,1.2623,1.26248,1.88,2.25
2012.10.10 14:06:41.099,1.26233,1.26248,1.32,2.25
2012.10.10 14:06:41.451,1.2623,1.26247,1.13,1.50
2012.10.10 14:06:41.511,1.26227,1.26244,1.32,1.50
2012.10.10 14:06:41.632,1.26226,1.26243,1.32,1.50
2012.10.10 14:06:41.963,1.26222,1.26239,1.13,1.50
2012.10.10 14:06:42.285,1.26218,1.26234,1.94,1.50
2012.10.10 14:06:42.592,1.26218,1.2623,1.19,1.50
2012.10.10 14:06:43.101,1.26218,1.26233,1.94,1.50
2012.10.10 14:06:43.532,1.26215,1.2623,1.23,1.73
2012.10.10 14:06:44.387,1.2622,1.26231,1.32,2.25
2012.10.10 14:06:44.476,1.26223,1.26237,1.32,1.50
2012.10.10 14:06:44.603,1.26223,1.26237,1.32,1.50
2012.10.10 14:06:46.014,1.26218,1.26236,1.32,2.25
2012.10.10 14:06:46.156,1.26214,1.26231,1.32,1.50
2012.10.10 14:06:46.284,1.26213,1.26229,3.00,1.50
2012.10.10 14:06:46.593,1.26213,1.26223,1.13,1.50
2012.10.10 14:06:46.934,1.26206,1.26213,1.60,2.25
2012.10.10 14:06:47.241,1.26201,1.26206,1.50,1.50
2012.10.10 14:06:47.302,1.26199,1.26205,1.50,1.50
2012.10.10 14:06:47.838,1.26197,1.26203,1.07,2.25
2012.10.10 14:06:48.122,1.26198,1.26203,1.52,2.25
2012.10.10 14:06:48.184,1.26194,1.26203,1.32,2.25
2012.10.10 14:06:48.312,1.26189,1.26201,1.50,1.50
2012.10.10 14:06:48.613,1.26189,1.26197,1.50,1.50
2012.10.10 14:06:48.923,1.2619,1.26204,2.25,2.48
2012.10.10 14:06:49.534,1.2619,1.26203,1.50,1.50
2012.10.10 14:06:49.734,1.2619,1.26203,1.50,1.73
2012.10.10 14:06:50.275,1.26189,1.26199,1.50,1.50
2012.10.10 14:06:50.522,1.26184,1.26195,2.44,1.50
2012.10.10 14:06:50.642,1.26182,1.26195,1.88,1.50
2012.10.10 14:06:50.703,1.26179,1.26195,1.32,2.25
2012.10.10 14:06:51.013,1.26179,1.26195,1.13,1.73
2012.10.10 14:06:51.212,1.26178,1.26196,1.50,1.54
2012.10.10 14:06:51.654,1.26183,1.26202,1.50,2.48
2012.10.10 14:06:51.903,1.26182,1.26199,1.50,1.73
2012.10.10 14:06:52.374,1.26173,1.26187,2.25,1.73
2012.10.10 14:06:52.885,1.26173,1.26188,2.07,1.54
2012.10.10 14:06:53.023,1.26171,1.26188,1.50,1.54
2012.10.10 14:06:53.092,1.26168,1.26188,1.50,3.04
2012.10.10 14:06:53.623,1.26168,1.26187,1.50,1.50
2012.10.10 14:06:53.857,1.2617,1.26187,1.32,2.25
2012.10.10 14:06:54.051,1.26162,1.26182,2.63,3.23
2012.10.10 14:06:54.114,1.26163,1.2618,1.32,1.50
2012.10.10 14:06:54.244,1.26159,1.26176,2.82,1.50
2012.10.10 14:06:54.684,1.26163,1.26178,1.50,2.25
2012.10.10 14:06:54.753,1.26163,1.26179,1.50,1.50
2012.10.10 14:06:54.955,1.26163,1.26181,1.50,3.00
2012.10.10 14:06:55.512,1.26164,1.26181,1.50,1.50
2012.10.10 14:06:56.085,1.26162,1.26179,2.07,1.50
2012.10.10 14:06:57.021,1.26162,1.26181,1.32,1.50
2012.10.10 14:06:57.384,1.2616,1.26179,1.88,1.50
2012.10.10 14:06:57.752,1.2616,1.26177,1.13,1.50
2012.10.10 14:06:58.171,1.26158,1.26176,1.32,1.50
2012.10.10 14:06:58.900,1.26158,1.26172,1.32,1.50
2012.10.10 14:06:59.384,1.26158,1.26169,1.32,1.50
2012.10.10 14:06:59.932,1.26153,1.26165,1.50,1.50
2012.10.10 14:07:00.242,1.26152,1.2616,1.50,1.50
2012.10.10 14:07:00.432,1.26147,1.2616,1.32,1.50
2012.10.10 14:07:00.828,1.26145,1.26157,1.50,1.50
2012.10.10 14:07:00.893,1.26145,1.26158,1.50,2.48
2012.10.10 14:07:01.155,1.26139,1.26158,3.00,1.73
2012.10.10 14:07:02.270,1.26137,1.26154,2.25,1.32
2012.10.10 14:07:02.603,1.26146,1.26154,1.32,2.25
2012.10.10 14:07:02.673,1.26146,1.26154,1.32,2.25
2012.10.10 14:07:02.893,1.26144,1.26157,1.50,1.50
2012.10.10 14:07:03.413,1.26143,1.26155,1.50,1.32
2012.10.10 14:07:03.486,1.26144,1.2616,1.50,1.69
2012.10.10 14:07:03.850,1.26146,1.26164,1.50,1.73
2012.10.10 14:07:03.913,1.26146,1.26163,1.50,1.73
2012.10.10 14:07:04.230,1.26144,1.26158,1.32,1.50
2012.10.10 14:07:04.433,1.26141,1.26157,1.32,1.50
2012.10.10 14:07:04.698,1.26141,1.26156,1.32,1.50
2012.10.10 14:07:05.052,1.26144,1.26159,1.32,1.50
2012.10.10 14:07:05.128,1.26144,1.26159,1.32,1.50
2012.10.10 14:07:05.468,1.26146,1.26162,4.50,1.50
2012.10.10 14:07:05.772,1.26148,1.26161,1.32,1.32
2012.10.10 14:07:05.905,1.26153,1.26165,1.50,1.58
2012.10.10 14:07:06.096,1.26151,1.26166,1.50,1.73
2012.10.10 14:07:06.283,1.26147,1.26165,1.50,1.50
2012.10.10 14:07:06.356,1.26148,1.26165,1.32,1.50
2012.10.10 14:07:06.783,1.26143,1.26158,1.50,1.50
2012.10.10 14:07:07.094,1.2615,1.26168,1.50,2.14
2012.10.10 14:07:07.165,1.26147,1.26167,2.25,1.58
2012.10.10 14:07:07.233,1.26147,1.26167,2.25,1.50
2012.10.10 14:07:07.423,1.26147,1.26165,1.50,1.32
2012.10.10 14:07:07.496,1.26147,1.26164,1.50,1.32
2012.10.10 14:07:07.566,1.26144,1.26162,1.50,2.48
2012.10.10 14:07:07.640,1.26144,1.2616,1.50,1.50
2012.10.10 14:07:07.845,1.26143,1.26159,1.50,1.50
2012.10.10 14:07:08.045,1.26143,1.26162,1.50,1.73
2012.10.10 14:07:08.245,1.26146,1.26164,2.25,1.50
2012.10.10 14:07:08.793,1.26146,1.26165,2.25,1.50
2012.10.10 14:07:08.923,1.26146,1.26164,2.25,1.50
2012.10.10 14:07:09.115,1.26146,1.2616,1.50,1.50
2012.10.10 14:07:09.595,1.26147,1.26163,1.50,1.54
2012.10.10 14:07:09.684,1.26152,1.26169,1.32,1.50
2012.10.10 14:07:09.825,1.26152,1.26169,1.32,1.50
2012.10.10 14:07:10.643,1.26152,1.2617,1.32,1.50
2012.10.10 14:07:10.772,1.26152,1.26171,1.32,1.50
2012.10.10 14:07:11.056,1.26151,1.26171,2.07,1.50
2012.10.10 14:07:12.134,1.26151,1.2617,1.32,1.50
2012.10.10 14:07:12.341,1.2615,1.26166,1.50,2.29
2012.10.10 14:07:12.476,1.26151,1.2617,1.50,1.73
2012.10.10 14:07:12.909,1.26154,1.26166,1.32,2.07
2012.10.10 14:07:12.999,1.26155,1.26168,1.32,2.07
2012.10.10 14:07:13.070,1.26155,1.26168,1.32,1.50
2012.10.10 14:07:13.209,1.26157,1.26176,1.50,1.73
2012.10.10 14:07:13.414,1.26157,1.26177,1.50,1.73
2012.10.10 14:07:13.857,1.2616,1.26177,1.50,1.73
2012.10.10 14:07:14.174,1.26162,1.2618,1.50,1.73
2012.10.10 14:07:14.702,1.26164,1.26181,1.50,1.73
2012.10.10 14:07:15.062,1.26165,1.26183,2.25,1.65
2012.10.10 14:07:15.122,1.26165,1.26183,2.25,1.73
2012.10.10 14:07:15.612,1.26165,1.26183,1.50,2.48
2012.10.10 14:07:16.068,1.26162,1.2618,2.25,1.50
2012.10.10 14:07:16.670,1.26162,1.2618,1.50,1.73
2012.10.10 14:07:17.263,1.26163,1.26182,2.07,1.73
2012.10.10 14:07:17.573,1.26168,1.26187,1.50,1.94
2012.10.10 14:07:17.765,1.26168,1.26186,1.50,1.32
2012.10.10 14:07:17.894,1.26164,1.26184,1.50,1.50
2012.10.10 14:07:18.082,1.26164,1.26186,2.25,3.57
2012.10.10 14:07:18.262,1.26169,1.26186,1.50,2.07
2012.10.10 14:07:18.442,1.26171,1.26187,1.32,1.50
2012.10.10 14:07:18.694,1.26173,1.2619,1.32,2.48
2012.10.10 14:07:19.177,1.26178,1.2619,1.50,1.73
2012.10.10 14:07:20.363,1.2618,1.26194,1.50,1.94
2012.10.10 14:07:20.714,1.26179,1.26198,1.32,1.50
2012.10.10 14:07:20.843,1.26179,1.262,1.32,1.50
2012.10.10 14:07:20.913,1.26179,1.26198,1.32,1.50
2012.10.10 14:07:21.392,1.26181,1.26203,1.50,2.25
2012.10.10 14:07:21.512,1.26181,1.26204,1.50,2.29
2012.10.10 14:07:21.572,1.26181,1.26203,1.50,1.50
2012.10.10 14:07:21.693,1.26181,1.26204,1.92,1.32
2012.10.10 14:07:22.220,1.26187,1.26201,1.50,1.50
2012.10.10 14:07:22.505,1.26187,1.26202,1.50,1.50
2012.10.10 14:07:23.025,1.26184,1.26203,2.07,1.50
2012.10.10 14:07:23.092,1.26184,1.26204,1.50,1.54
2012.10.10 14:07:23.153,1.26191,1.26204,1.50,1.54
2012.10.10 14:07:23.222,1.26191,1.26206,1.50,1.54
2012.10.10 14:07:23.478,1.26198,1.26205,1.50,1.32
2012.10.10 14:07:23.614,1.26195,1.26209,1.50,2.25
2012.10.10 14:07:23.866,1.26194,1.26204,1.50,1.32
2012.10.10 14:07:24.056,1.2619,1.26204,1.32,1.54
2012.10.10 14:07:24.195,1.26191,1.26204,1.32,1.54
2012.10.10 14:07:24.712,1.26186,1.26204,1.88,2.48
2012.10.10 14:07:24.773,1.26186,1.26201,1.88,1.50
2012.10.10 14:07:25.233,1.26186,1.26197,1.13,1.73
2012.10.10 14:07:25.302,1.26182,1.26197,1.13,1.73
2012.10.10 14:07:25.422,1.26182,1.26195,1.88,1.50
2012.10.10 14:07:25.545,1.26182,1.26193,1.32,1.50
2012.10.10 14:07:25.613,1.26177,1.26191,1.50,1.50
2012.10.10 14:07:25.870,1.26177,1.26192,1.50,1.54
2012.10.10 14:07:25.993,1.26177,1.26194,1.50,1.50
2012.10.10 14:07:26.241,1.26175,1.26192,2.07,1.73
2012.10.10 14:07:26.301,1.26175,1.26192,1.32,1.73
2012.10.10 14:07:26.421,1.26175,1.26192,1.50,1.32
2012.10.10 14:07:26.604,1.26175,1.26192,1.32,1.50
2012.10.10 14:07:26.794,1.26173,1.26191,1.50,1.54
2012.10.10 14:07:27.101,1.26174,1.26194,2.07,1.73
2012.10.10 14:07:27.534,1.26179,1.26198,1.50,1.73
2012.10.10 14:07:27.838,1.26171,1.26181,1.50,1.73
2012.10.10 14:07:28.115,1.26168,1.26179,1.50,1.73
2012.10.10 14:07:28.311,1.26165,1.26182,1.50,2.29
2012.10.10 14:07:28.733,1.26165,1.26182,2.25,1.54
2012.10.10 14:07:28.804,1.26165,1.26182,1.50,2.29
2012.10.10 14:07:29.174,1.26163,1.26182,1.50,2.48
2012.10.10 14:07:29.423,1.26163,1.26182,2.25,1.73
2012.10.10 14:07:29.673,1.26168,1.26186,1.50,2.29
2012.10.10 14:07:29.743,1.26168,1.26186,2.25,1.54
2012.10.10 14:07:29.872,1.26171,1.26186,1.50,1.32
2012.10.10 14:07:30.402,1.26171,1.2619,1.50,2.29
2012.10.10 14:07:30.714,1.26171,1.2619,1.50,1.73
2012.10.10 14:07:30.782,1.26171,1.2619,1.50,1.73
2012.10.10 14:07:30.841,1.2617,1.26187,2.25,1.50
2012.10.10 14:07:31.022,1.26169,1.26189,1.32,2.48
2012.10.10 14:07:31.542,1.2617,1.26189,1.50,1.73
2012.10.10 14:07:33.743,1.2617,1.26189,3.00,1.50
2012.10.10 14:07:34.269,1.26173,1.26192,1.50,1.73
2012.10.10 14:07:34.463,1.26175,1.26193,1.50,2.29
2012.10.10 14:07:35.022,1.26176,1.26194,1.50,1.32
2012.10.10 14:07:35.548,1.26178,1.26195,1.50,1.32
2012.10.10 14:07:35.813,1.26178,1.26196,1.50,1.32
2012.10.10 14:07:35.889,1.2618,1.26199,1.50,2.48
2012.10.10 14:07:36.073,1.26183,1.26201,2.07,2.25
2012.10.10 14:07:36.203,1.26184,1.26201,1.50,1.50
2012.10.10 14:07:37.376,1.26183,1.26201,1.32,1.50
2012.10.10 14:07:39.623,1.26183,1.26201,1.32,1.50
2012.10.10 14:07:40.179,1.26183,1.26201,1.32,2.25
2012.10.10 14:07:40.248,1.26181,1.26198,1.50,1.50
2012.10.10 14:07:40.313,1.2618,1.26196,2.07,1.50
2012.10.10 14:07:40.633,1.26179,1.26195,1.32,1.54
2012.10.10 14:07:40.982,1.26176,1.26195,1.50,1.54
2012.10.10 14:07:42.320,1.26176,1.26195,1.50,1.54
2012.10.10 14:07:42.632,1.26174,1.26194,1.50,1.50
2012.10.10 14:07:44.103,1.26174,1.26195,1.50,1.54
2012.10.10 14:07:44.433,1.26176,1.26195,1.50,1.54
2012.10.10 14:07:44.685,1.2618,1.26195,2.25,1.13
2012.10.10 14:07:44.754,1.26188,1.26197,1.32,1.32
2012.10.10 14:07:45.094,1.26186,1.26197,2.25,1.32
2012.10.10 14:07:45.164,1.26186,1.26202,2.25,1.50
2012.10.10 14:07:45.537,1.26186,1.26202,2.25,1.50
2012.10.10 14:07:45.602,1.26186,1.26202,1.50,1.50
2012.10.10 14:07:45.665,1.26186,1.26202,1.50,1.50
2012.10.10 14:07:45.804,1.26184,1.26201,1.50,1.50
2012.10.10 14:07:46.231,1.26183,1.26201,1.50,1.50
2012.10.10 14:07:46.413,1.26183,1.26202,1.50,2.25
2012.10.10 14:07:46.542,1.26183,1.26202,1.50,1.50
2012.10.10 14:07:46.842,1.26183,1.26201,1.50,1.50
2012.10.10 14:07:48.494,1.26184,1.26201,1.50,1.50
2012.10.10 14:07:49.043,1.26185,1.26204,1.50,2.48
2012.10.10 14:07:49.413,1.26186,1.26205,1.50,2.48
2012.10.10 14:07:50.015,1.26191,1.2621,1.50,2.48
2012.10.10 14:07:50.656,1.2619,1.26207,1.50,1.50
2012.10.10 14:07:51.232,1.26189,1.26207,1.50,1.50
2012.10.10 14:07:53.833,1.26189,1.26207,1.50,2.29
2012.10.10 14:07:54.174,1.26186,1.26204,1.50,1.73
2012.10.10 14:07:54.386,1.26184,1.262,1.32,1.50
2012.10.10 14:07:54.853,1.26183,1.26203,1.50,1.50
2012.10.10 14:07:54.989,1.26187,1.26206,1.50,1.54
2012.10.10 14:07:55.118,1.26186,1.26205,1.50,1.54
2012.10.10 14:07:55.535,1.26186,1.26205,1.50,1.54
2012.10.10 14:07:56.635,1.26189,1.26207,2.07,1.50
2012.10.10 14:07:56.986,1.26191,1.26209,1.50,1.50
2012.10.10 14:07:57.067,1.26193,1.26211,1.50,1.50
2012.10.10 14:07:57.633,1.26193,1.26211,1.50,2.25
2012.10.10 14:07:58.343,1.26191,1.2621,1.50,1.50
2012.10.10 14:07:58.605,1.26191,1.26208,1.50,1.32
2012.10.10 14:07:58.912,1.26185,1.26204,1.50,1.50
2012.10.10 14:07:59.225,1.26183,1.26202,1.32,1.50
2012.10.10 14:07:59.293,1.26183,1.26203,1.32,1.50
2012.10.10 14:07:59.842,1.26183,1.262,2.07,1.73
2012.10.10 14:07:59.963,1.26183,1.262,1.32,1.73
2012.10.10 14:08:00.475,1.26181,1.262,1.50,1.73
2012.10.10 14:08:01.233,1.26183,1.26202,1.35,1.73
2012.10.10 14:08:01.314,1.26186,1.26203,1.50,1.73
2012.10.10 14:08:01.463,1.26187,1.26204,1.50,1.54
2012.10.10 14:08:01.833,1.2619,1.26209,1.50,2.48
2012.10.10 14:08:02.144,1.26188,1.26203,1.50,1.32
2012.10.10 14:08:02.274,1.26182,1.26202,1.32,2.25
2012.10.10 14:08:02.660,1.26182,1.262,1.32,1.73
2012.10.10 14:08:02.977,1.26181,1.262,1.50,1.73
2012.10.10 14:08:03.859,1.26179,1.262,2.25,1.73
2012.10.10 14:08:03.983,1.26178,1.26195,2.07,1.50
2012.10.10 14:08:04.712,1.26178,1.26195,1.50,2.29
2012.10.10 14:08:05.263,1.26178,1.26195,1.50,1.50
2012.10.10 14:08:05.926,1.26178,1.26195,1.50,1.50
2012.10.10 14:08:06.072,1.26179,1.26195,1.50,1.50
2012.10.10 14:08:06.207,1.26177,1.26195,3.00,1.50
2012.10.10 14:08:06.366,1.26178,1.26195,1.50,1.50
2012.10.10 14:08:06.914,1.2618,1.26199,1.50,1.73
2012.10.10 14:08:07.052,1.26179,1.26196,1.50,1.50
2012.10.10 14:08:07.440,1.26179,1.26196,2.25,1.73
2012.10.10 14:08:07.988,1.26179,1.26197,2.07,1.50
2012.10.10 14:08:09.412,1.26181,1.26197,1.32,1.50
2012.10.10 14:08:09.535,1.26181,1.26201,2.07,2.48
2012.10.10 14:08:09.805,1.26183,1.26201,1.32,1.50
2012.10.10 14:08:10.651,1.26183,1.26201,2.07,1.50
2012.10.10 14:08:10.792,1.26182,1.26199,2.07,1.73
2012.10.10 14:08:11.311,1.26182,1.26199,1.50,1.73
2012.10.10 14:08:12.388,1.26178,1.26193,1.50,1.50
2012.10.10 14:08:12.844,1.26178,1.26195,2.25,2.25
2012.10.10 14:08:12.914,1.26178,1.26195,2.25,2.48
2012.10.10 14:08:13.103,1.26179,1.26195,1.50,1.50
2012.10.10 14:08:13.173,1.26182,1.26195,1.50,1.50
2012.10.10 14:08:13.542,1.26184,1.26201,1.50,1.19
2012.10.10 14:08:13.603,1.26184,1.26202,2.25,1.19
2012.10.10 14:08:14.128,1.26185,1.26203,1.50,2.48
2012.10.10 14:08:18.051,1.26185,1.26203,1.50,2.48
2012.10.10 14:08:18.364,1.26181,1.262,1.88,2.25
2012.10.10 14:08:18.493,1.26183,1.26199,2.07,1.50
2012.10.10 14:08:18.623,1.26182,1.26199,1.32,2.48
2012.10.10 14:08:19.381,1.26182,1.262,1.32,2.25
2012.10.10 14:08:20.104,1.2618,1.26199,2.25,1.50
2012.10.10 14:08:20.382,1.2618,1.26198,1.50,1.32
2012.10.10 14:08:20.561,1.26179,1.26195,1.50,1.73
2012.10.10 14:08:21.392,1.26178,1.26194,1.50,1.73
2012.10.10 14:08:22.681,1.26178,1.26194,1.50,1.73
2012.10.10 14:08:23.464,1.26178,1.26194,1.50,1.73
2012.10.10 14:08:24.722,1.26178,1.26194,1.50,1.73
2012.10.10 14:08:25.982,1.26176,1.26194,2.25,1.50
2012.10.10 14:08:30.624,1.26176,1.26194,1.50,1.73
2012.10.10 14:08:31.292,1.26179,1.26196,1.50,1.50
2012.10.10 14:08:31.418,1.2618,1.26198,1.50,1.73
2012.10.10 14:08:32.022,1.26181,1.26199,1.50,2.48
2012.10.10 14:08:32.201,1.2618,1.26197,1.50,1.50
2012.10.10 14:08:32.323,1.26182,1.262,1.50,1.54
2012.10.10 14:08:33.002,1.26184,1.26202,1.32,3.04
2012.10.10 14:08:33.545,1.26183,1.26202,1.32,1.50
2012.10.10 14:08:33.614,1.26187,1.26204,1.50,2.40
2012.10.10 14:08:33.683,1.26187,1.26205,1.50,2.03
2012.10.10 14:08:33.755,1.26187,1.26205,1.50,1.28
2012.10.10 14:08:33.899,1.26186,1.26205,1.50,2.03
2012.10.10 14:08:33.964,1.26186,1.26205,1.50,2.10
2012.10.10 14:08:34.274,1.26185,1.262,1.50,1.35
2012.10.10 14:08:34.849,1.26185,1.26196,1.50,1.54
2012.10.10 14:08:35.354,1.26181,1.26194,1.32,1.73
2012.10.10 14:08:35.433,1.26179,1.26194,1.32,1.73
2012.10.10 14:08:35.508,1.26179,1.26196,2.07,2.07
2012.10.10 14:08:35.814,1.26178,1.26194,1.50,1.50
2012.10.10 14:08:36.143,1.2618,1.26196,1.50,1.73
2012.10.10 14:08:36.634,1.26178,1.26194,1.50,1.32
2012.10.10 14:08:36.702,1.26178,1.26191,1.50,1.32
2012.10.10 14:08:36.970,1.26178,1.26191,1.50,1.54
2012.10.10 14:08:37.326,1.26178,1.26186,1.50,1.13
2012.10.10 14:08:37.658,1.26176,1.26185,1.50,1.54
2012.10.10 14:08:38.155,1.26177,1.26185,1.50,1.54
2012.10.10 14:08:39.393,1.26177,1.26186,1.50,1.54
2012.10.10 14:08:41.271,1.26177,1.26191,1.50,1.73
2012.10.10 14:08:41.553,1.26178,1.26196,1.50,3.04
2012.10.10 14:08:41.682,1.2618,1.26197,1.50,1.54
2012.10.10 14:08:41.802,1.2618,1.26197,1.50,1.32
2012.10.10 14:08:42.984,1.26191,1.26201,1.50,1.69
2012.10.10 14:08:43.069,1.26193,1.26209,1.50,1.73
2012.10.10 14:08:43.207,1.26188,1.26207,1.32,1.32
2012.10.10 14:08:43.333,1.26187,1.26204,2.82,1.32
2012.10.10 14:08:43.672,1.26187,1.26198,1.32,1.50
2012.10.10 14:08:44.002,1.26181,1.26198,1.50,1.73
2012.10.10 14:08:44.242,1.2618,1.26198,1.50,2.48
2012.10.10 14:08:44.614,1.2618,1.26198,1.50,2.48
2012.10.10 14:08:44.802,1.26177,1.26194,1.50,1.50
2012.10.10 14:08:45.323,1.26178,1.26187,1.50,1.50
2012.10.10 14:08:45.873,1.26177,1.26192,1.50,2.29
2012.10.10 14:08:45.945,1.26177,1.26192,1.50,1.54
2012.10.10 14:08:46.337,1.26179,1.26193,1.50,1.54
2012.10.10 14:08:46.591,1.26179,1.26196,2.25,1.50
2012.10.10 14:08:46.653,1.26179,1.26195,1.50,1.50
2012.10.10 14:08:46.722,1.26179,1.26196,1.50,3.42
2012.10.10 14:08:46.783,1.26179,1.26195,1.50,1.32
2012.10.10 14:08:47.097,1.26177,1.26193,1.50,1.32
2012.10.10 14:08:47.342,1.26174,1.26189,1.50,1.32
2012.10.10 14:08:47.463,1.26174,1.26189,1.50,1.54
2012.10.10 14:08:47.542,1.26174,1.26192,1.50,2.33
2012.10.10 14:08:47.674,1.26174,1.26189,1.50,1.32
2012.10.10 14:08:47.934,1.26174,1.26187,1.50,1.54
2012.10.10 14:08:48.003,1.26174,1.26189,2.25,1.88
2012.10.10 14:08:48.074,1.26175,1.26189,1.50,1.32
2012.10.10 14:08:48.142,1.26176,1.26194,1.50,2.29
2012.10.10 14:08:48.201,1.26178,1.26194,1.50,2.29
2012.10.10 14:08:48.503,1.26175,1.26187,1.50,1.32
2012.10.10 14:08:48.824,1.26173,1.26188,2.25,1.54
2012.10.10 14:08:48.894,1.26173,1.26188,2.25,1.54
2012.10.10 14:08:48.964,1.26175,1.2619,1.50,1.13
2012.10.10 14:08:49.288,1.26178,1.26191,1.50,1.13
2012.10.10 14:08:49.683,1.26185,1.26191,1.50,1.13
2012.10.10 14:08:50.539,1.26186,1.262,1.50,2.42
2012.10.10 14:08:50.602,1.26185,1.26204,2.25,1.35
2012.10.10 14:08:51.461,1.26186,1.26204,1.50,1.35
2012.10.10 14:08:51.892,1.26182,1.26201,1.32,1.50
2012.10.10 14:08:52.387,1.26181,1.26196,1.50,1.54
2012.10.10 14:08:52.457,1.2618,1.26197,1.50,1.73
2012.10.10 14:08:53.012,1.26178,1.26197,1.50,1.73
2012.10.10 14:08:53.083,1.2618,1.26197,1.50,1.73
2012.10.10 14:08:53.226,1.2618,1.26199,2.25,1.50
2012.10.10 14:08:53.363,1.26181,1.26201,1.50,2.07
2012.10.10 14:08:53.625,1.26183,1.26204,1.50,2.25
2012.10.10 14:08:54.734,1.26187,1.26205,1.50,1.50
2012.10.10 14:08:55.044,1.2619,1.26209,1.50,1.32
2012.10.10 14:08:55.483,1.26188,1.26207,1.50,1.32
2012.10.10 14:08:55.614,1.26195,1.26207,1.50,1.32
2012.10.10 14:08:56.030,1.26195,1.2621,1.50,1.32
2012.10.10 14:08:56.177,1.26198,1.2621,1.50,1.32
2012.10.10 14:08:56.702,1.26198,1.26215,1.50,1.73
2012.10.10 14:08:57.218,1.26198,1.26216,1.50,2.48
2012.10.10 14:08:57.286,1.26194,1.26215,1.50,1.73
2012.10.10 14:08:58.085,1.26196,1.26215,1.50,1.73
2012.10.10 14:08:58.158,1.26196,1.26214,1.50,1.50
2012.10.10 14:08:58.228,1.26196,1.26215,2.25,1.50
2012.10.10 14:08:58.425,1.26195,1.26214,1.50,1.73
2012.10.10 14:08:58.613,1.26194,1.26214,1.32,1.73
2012.10.10 14:08:59.133,1.26194,1.26212,1.32,1.73
2012.10.10 14:08:59.332,1.26193,1.2621,2.07,2.25
2012.10.10 14:08:59.764,1.2619,1.26207,1.50,2.48
2012.10.10 14:09:00.083,1.26193,1.26207,1.50,1.73
2012.10.10 14:09:00.152,1.2619,1.26207,2.07,1.50
2012.10.10 14:09:00.214,1.26193,1.26209,1.50,1.54
2012.10.10 14:09:00.414,1.26191,1.26209,1.50,1.54
2012.10.10 14:09:00.782,1.26192,1.2621,1.50,1.54
2012.10.10 14:09:02.526,1.26194,1.26211,1.50,1.54
2012.10.10 14:09:03.293,1.26194,1.26211,1.50,1.54
2012.10.10 14:09:03.376,1.26194,1.26213,1.50,1.73
2012.10.10 14:09:03.896,1.26193,1.26211,1.50,1.73
2012.10.10 14:09:03.962,1.26192,1.26214,1.50,3.04
2012.10.10 14:09:04.262,1.2619,1.2621,3.00,1.50
2012.10.10 14:09:04.582,1.26193,1.26214,1.50,3.04
2012.10.10 14:09:04.914,1.26197,1.26214,1.50,2.29
2012.10.10 14:09:05.044,1.26197,1.26214,1.50,2.29
2012.10.10 14:09:05.113,1.26197,1.26214,1.50,3.04
2012.10.10 14:09:05.604,1.26193,1.26212,1.50,2.48
2012.10.10 14:09:07.002,1.26194,1.26212,1.50,1.73
2012.10.10 14:09:07.252,1.26196,1.26214,1.50,2.82
2012.10.10 14:09:08.352,1.26195,1.26213,1.50,1.73
2012.10.10 14:09:10.166,1.26195,1.26213,1.50,1.73
2012.10.10 14:09:12.907,1.26195,1.26213,1.50,1.73
2012.10.10 14:09:15.056,1.26195,1.26213,1.50,1.73
2012.10.10 14:09:15.374,1.26196,1.26215,2.25,1.54
2012.10.10 14:09:15.730,1.26196,1.26214,1.50,2.29
2012.10.10 14:09:15.798,1.26193,1.26214,1.50,3.04
2012.10.10 14:09:16.008,1.26191,1.26209,1.50,1.50
2012.10.10 14:09:17.869,1.26189,1.26206,2.07,1.50
2012.10.10 14:09:17.941,1.26188,1.26203,1.32,1.50
2012.10.10 14:09:18.006,1.26188,1.26205,2.07,1.73
2012.10.10 14:09:18.076,1.26189,1.26207,1.32,1.50
2012.10.10 14:09:18.152,1.2619,1.26209,1.50,1.73
2012.10.10 14:09:18.434,1.26192,1.26212,2.25,2.48
2012.10.10 14:09:18.873,1.26193,1.26212,1.50,1.73
2012.10.10 14:09:21.109,1.26193,1.26212,1.50,1.50
2012.10.10 14:09:21.947,1.26193,1.26212,1.50,1.50
2012.10.10 14:09:23.982,1.26193,1.26212,1.50,1.50
2012.10.10 14:09:25.794,1.26191,1.26211,3.00,1.50
2012.10.10 14:09:26.714,1.26191,1.2621,1.50,1.50
2012.10.10 14:09:26.852,1.26189,1.26207,1.32,1.50
2012.10.10 14:09:27.418,1.26188,1.26206,2.63,1.50
2012.10.10 14:09:28.112,1.26189,1.26208,1.32,1.50
2012.10.10 14:09:28.433,1.26193,1.26213,1.50,3.98
2012.10.10 14:09:28.644,1.26191,1.26211,2.25,1.50
2012.10.10 14:09:29.502,1.26191,1.26209,2.25,1.32
2012.10.10 14:09:29.918,1.26186,1.26204,2.07,1.73
2012.10.10 14:09:29.987,1.26186,1.26204,2.07,1.73
2012.10.10 14:09:30.057,1.26188,1.26205,1.50,1.32
2012.10.10 14:09:30.209,1.26186,1.26205,2.07,1.32
2012.10.10 14:09:30.702,1.26185,1.26204,2.82,1.73
2012.10.10 14:09:31.488,1.26185,1.26204,2.25,1.73
2012.10.10 14:09:31.952,1.26185,1.26205,2.25,2.82
2012.10.10 14:09:32.483,1.26186,1.26205,1.50,1.50
2012.10.10 14:09:33.344,1.26188,1.26205,1.32,1.50
2012.10.10 14:09:33.549,1.26195,1.26213,1.50,2.25
2012.10.10 14:09:33.614,1.26193,1.26213,1.50,3.00
2012.10.10 14:09:33.887,1.26192,1.26212,2.82,2.25
2012.10.10 14:09:33.962,1.26192,1.26209,1.50,1.32
2012.10.10 14:09:34.373,1.26187,1.26207,1.50,2.48
2012.10.10 14:09:34.611,1.26187,1.26207,2.82,2.48
2012.10.10 14:09:35.124,1.26187,1.26206,1.50,1.50
2012.10.10 14:09:35.414,1.26186,1.26206,2.25,2.25
2012.10.10 14:09:36.005,1.26186,1.26206,1.50,3.00
2012.10.10 14:09:36.506,1.26186,1.26205,1.50,1.50
2012.10.10 14:09:38.863,1.26186,1.26206,1.50,2.48
2012.10.10 14:09:42.864,1.26187,1.26206,1.50,1.73
2012.10.10 14:09:43.171,1.26192,1.2621,1.50,2.07
2012.10.10 14:09:43.721,1.26193,1.26211,1.50,1.73
2012.10.10 14:09:46.123,1.26191,1.26208,1.50,1.32
2012.10.10 14:09:46.254,1.26189,1.26206,2.25,2.25
2012.10.10 14:09:46.381,1.26189,1.26205,2.25,1.50
2012.10.10 14:09:46.521,1.26186,1.26205,2.25,1.50
2012.10.10 14:09:49.534,1.26187,1.26206,1.50,1.73
2012.10.10 14:09:49.604,1.26191,1.26208,1.50,2.29
2012.10.10 14:09:49.792,1.26194,1.26207,1.50,1.50
2012.10.10 14:09:49.971,1.26193,1.26209,1.50,1.50
2012.10.10 14:09:50.334,1.26192,1.26206,1.32,1.50
2012.10.10 14:09:50.532,1.26188,1.26206,1.50,2.48
2012.10.10 14:09:51.152,1.26187,1.26206,2.25,1.73
2012.10.10 14:09:54.354,1.26191,1.26209,1.50,3.04
2012.10.10 14:09:54.425,1.26191,1.26209,1.50,2.82
2012.10.10 14:09:54.494,1.26194,1.26209,1.50,2.07
2012.10.10 14:09:55.823,1.26191,1.2621,1.50,1.73
2012.10.10 14:09:56.912,1.26193,1.2621,1.50,1.73
2012.10.10 14:09:57.699,1.26194,1.26212,1.50,1.73
2012.10.10 14:10:00.360,1.26189,1.26209,2.07,1.50
2012.10.10 14:10:00.671,1.26189,1.26209,1.32,2.33
2012.10.10 14:10:01.188,1.26186,1.26205,2.07,1.73
2012.10.10 14:10:01.712,1.26186,1.26205,1.32,1.73
2012.10.10 14:10:02.122,1.26185,1.26204,1.50,1.54
2012.10.10 14:10:03.663,1.26186,1.26203,1.50,1.35
2012.10.10 14:10:03.794,1.26186,1.26205,1.50,1.73
2012.10.10 14:10:03.924,1.26186,1.26205,1.50,1.73
2012.10.10 14:10:04.353,1.26186,1.26205,1.50,1.73
2012.10.10 14:10:04.944,1.26186,1.26205,1.50,2.48
2012.10.10 14:10:08.348,1.26186,1.26206,1.50,2.48
2012.10.10 14:10:09.302,1.26186,1.26206,1.50,2.48
2012.10.10 14:10:10.444,1.26187,1.26207,1.50,1.73
2012.10.10 14:10:10.753,1.26186,1.262,1.50,1.50
2012.10.10 14:10:10.823,1.26182,1.26196,1.73,1.50
2012.10.10 14:10:11.132,1.26179,1.26198,2.25,2.48
2012.10.10 14:10:11.262,1.26179,1.26195,1.50,1.50
2012.10.10 14:10:11.802,1.26179,1.26198,1.50,2.48
2012.10.10 14:10:18.963,1.26178,1.26196,1.50,1.50
2012.10.10 14:10:19.031,1.26176,1.26195,2.82,1.50
2012.10.10 14:10:19.423,1.26178,1.26197,1.50,2.25
2012.10.10 14:10:19.711,1.26177,1.26195,1.50,1.50
2012.10.10 14:10:19.771,1.26176,1.26193,1.32,1.73
2012.10.10 14:10:21.912,1.26175,1.26193,1.50,1.73
2012.10.10 14:10:22.997,1.26175,1.26193,1.50,1.73
2012.10.10 14:10:23.129,1.26175,1.26193,1.50,1.73
2012.10.10 14:10:23.202,1.26175,1.26193,1.50,1.73
2012.10.10 14:10:23.341,1.26173,1.26191,1.50,1.73
2012.10.10 14:10:23.407,1.26173,1.26191,1.50,1.50
2012.10.10 14:10:25.483,1.26173,1.26193,2.25,2.48
2012.10.10 14:10:25.552,1.26175,1.26193,1.50,2.48
2012.10.10 14:10:25.974,1.26174,1.26194,2.25,1.50
2012.10.10 14:10:26.621,1.26174,1.26194,3.00,2.33
2012.10.10 14:10:26.922,1.26174,1.2619,3.75,1.32
2012.10.10 14:10:27.232,1.26171,1.26185,1.50,1.50
2012.10.10 14:10:27.472,1.26173,1.26187,1.50,1.58
2012.10.10 14:10:27.973,1.26173,1.26188,2.25,1.32
2012.10.10 14:10:28.501,1.26175,1.26192,2.25,1.54
2012.10.10 14:10:29.101,1.26175,1.26192,3.00,1.32
2012.10.10 14:10:29.462,1.26177,1.26193,2.25,1.50
2012.10.10 14:10:29.727,1.26177,1.26195,2.82,1.50
2012.10.10 14:10:30.224,1.26177,1.26194,2.07,1.35
2012.10.10 14:10:30.552,1.26177,1.26192,1.32,1.73
2012.10.10 14:10:30.912,1.26177,1.26193,1.32,1.73
2012.10.10 14:10:31.273,1.26177,1.26193,1.32,1.50
2012.10.10 14:10:31.402,1.26175,1.26193,1.32,2.25
2012.10.10 14:10:32.224,1.26177,1.26195,2.07,1.50
2012.10.10 14:10:32.533,1.26178,1.26196,1.50,1.13
2012.10.10 14:10:32.721,1.26175,1.26195,1.50,1.50
2012.10.10 14:10:32.781,1.26179,1.26196,1.50,2.25
2012.10.10 14:10:33.050,1.26179,1.26198,1.50,2.07
2012.10.10 14:10:35.314,1.26182,1.26198,1.32,1.50
2012.10.10 14:10:35.389,1.2618,1.26198,1.32,2.25
2012.10.10 14:10:35.585,1.2618,1.26198,1.54,1.50
2012.10.10 14:10:35.953,1.2618,1.26195,1.32,1.50
2012.10.10 14:10:36.082,1.2618,1.26196,1.32,1.35
2012.10.10 14:10:36.203,1.26178,1.26197,2.25,1.50
2012.10.10 14:10:36.395,1.26182,1.26199,1.50,1.50
2012.10.10 14:10:36.652,1.26183,1.26199,1.50,1.50
2012.10.10 14:10:37.157,1.26183,1.26201,1.50,2.29
2012.10.10 14:10:37.402,1.26183,1.26201,1.50,1.50
2012.10.10 14:10:38.601,1.26183,1.26202,2.25,1.50
2012.10.10 14:10:39.113,1.26183,1.26202,1.50,1.50
2012.10.10 14:10:39.183,1.26183,1.26202,1.50,1.50
2012.10.10 14:10:39.251,1.26182,1.262,1.32,1.50
2012.10.10 14:10:39.373,1.2618,1.26198,1.32,1.50
2012.10.10 14:10:39.692,1.26176,1.26194,1.50,1.50
2012.10.10 14:10:40.536,1.26174,1.26194,1.50,2.25
2012.10.10 14:10:41.773,1.26175,1.26195,2.25,2.48
2012.10.10 14:10:43.095,1.26178,1.26194,1.32,1.50
2012.10.10 14:10:43.402,1.26182,1.26196,1.50,1.50
2012.10.10 14:10:43.522,1.26182,1.26199,1.50,1.50
2012.10.10 14:10:44.126,1.26184,1.262,1.50,1.50
2012.10.10 14:10:44.373,1.26184,1.262,1.50,1.50
2012.10.10 14:10:44.503,1.26181,1.26201,2.82,1.50
2012.10.10 14:10:44.632,1.26181,1.26201,2.82,1.50
2012.10.10 14:10:44.947,1.26183,1.262,1.50,1.32
2012.10.10 14:10:45.016,1.26183,1.26202,2.07,1.50
2012.10.10 14:10:45.223,1.26186,1.26206,2.25,2.82
2012.10.10 14:10:45.592,1.26186,1.26206,1.50,2.07
2012.10.10 14:10:45.898,1.26183,1.26202,1.32,1.50
2012.10.10 14:10:46.202,1.26181,1.262,2.07,1.50
2012.10.10 14:10:46.324,1.26185,1.26205,1.50,2.25
2012.10.10 14:10:46.637,1.26186,1.26206,2.25,2.07
2012.10.10 14:10:47.184,1.26186,1.26206,2.25,1.32
2012.10.10 14:10:49.385,1.26188,1.26209,2.07,3.00
2012.10.10 14:10:49.453,1.26191,1.26211,2.25,3.57
2012.10.10 14:10:49.586,1.26193,1.26211,1.50,2.82
2012.10.10 14:10:49.712,1.26195,1.26211,1.50,2.07
2012.10.10 14:10:50.262,1.26195,1.26211,1.50,1.32
2012.10.10 14:10:50.582,1.26198,1.26211,1.50,1.32
2012.10.10 14:10:50.884,1.26203,1.26211,1.50,1.32
2012.10.10 14:10:51.203,1.26202,1.26211,1.50,1.32
2012.10.10 14:10:51.277,1.26202,1.26216,1.50,2.25
2012.10.10 14:10:51.605,1.26207,1.26224,1.50,1.50
2012.10.10 14:10:51.675,1.26208,1.26226,1.50,3.04
2012.10.10 14:10:52.012,1.26212,1.26226,1.50,1.50
2012.10.10 14:10:52.287,1.26209,1.26228,2.25,2.25
2012.10.10 14:10:52.664,1.26208,1.26225,1.32,1.50
2012.10.10 14:10:53.161,1.26205,1.26223,1.50,1.50
2012.10.10 14:10:53.582,1.26205,1.26221,1.50,1.50
2012.10.10 14:10:53.823,1.26203,1.26221,1.50,2.25
2012.10.10 14:10:54.154,1.26201,1.26214,1.50,1.50
2012.10.10 14:10:54.473,1.26201,1.2621,1.50,1.32
2012.10.10 14:10:54.774,1.26195,1.26203,1.17,1.32
2012.10.10 14:10:54.967,1.26194,1.26201,1.99,1.50
2012.10.10 14:10:55.103,1.26194,1.26201,2.33,1.50
2012.10.10 14:10:55.556,1.26191,1.26199,1.32,1.50
2012.10.10 14:10:55.637,1.26184,1.26194,2.18,1.50
2012.10.10 14:10:55.792,1.26184,1.26192,1.73,3.00
2012.10.10 14:10:55.866,1.26181,1.26189,1.22,1.50
2012.10.10 14:10:56.193,1.26174,1.26189,2.07,1.50
2012.10.10 14:10:56.263,1.26174,1.26189,1.50,1.50
2012.10.10 14:10:56.443,1.26173,1.26186,1.50,1.50
2012.10.10 14:10:56.777,1.26171,1.26183,1.13,1.54
2012.10.10 14:10:57.084,1.26168,1.26182,1.50,2.48
2012.10.10 14:10:57.285,1.26163,1.26183,1.50,2.29
2012.10.10 14:10:57.413,1.26168,1.26185,1.50,1.35
2012.10.10 14:10:57.543,1.2617,1.26185,1.50,1.35
2012.10.10 14:10:57.722,1.26173,1.26185,1.50,1.35
2012.10.10 14:10:58.036,1.26187,1.26196,1.50,1.19
2012.10.10 14:10:58.354,1.26193,1.26202,1.32,1.50
2012.10.10 14:10:58.683,1.26199,1.26205,2.25,1.65
2012.10.10 14:10:58.812,1.26199,1.26214,2.25,1.50
2012.10.10 14:10:59.027,1.26197,1.26214,2.25,2.06
2012.10.10 14:10:59.092,1.26197,1.26216,3.00,1.73
2012.10.10 14:10:59.342,1.26197,1.26215,2.25,1.50
2012.10.10 14:10:59.713,1.26195,1.26212,1.32,1.50
2012.10.10 14:10:59.902,1.26195,1.26215,1.50,1.73
2012.10.10 14:11:00.453,1.26199,1.26217,1.50,1.54
2012.10.10 14:11:01.122,1.26199,1.26217,1.50,1.54
2012.10.10 14:11:01.363,1.26201,1.26218,1.50,1.73
2012.10.10 14:11:01.552,1.26202,1.2622,1.50,2.07
2012.10.10 14:11:01.893,1.26206,1.26223,1.50,1.32
2012.10.10 14:11:02.397,1.26206,1.26225,1.50,1.50
2012.10.10 14:11:02.464,1.26203,1.26221,2.63,1.50
2012.10.10 14:11:03.018,1.26203,1.26221,2.07,1.73
2012.10.10 14:11:03.425,1.26203,1.26221,1.32,1.73
2012.10.10 14:11:03.612,1.26198,1.26217,1.32,1.73
2012.10.10 14:11:04.853,1.26195,1.26215,2.07,1.73
2012.10.10 14:11:05.063,1.26193,1.2621,1.50,1.73
2012.10.10 14:11:05.475,1.26193,1.26208,1.50,1.50
2012.10.10 14:11:05.933,1.26189,1.26206,1.32,1.50
2012.10.10 14:11:06.763,1.26187,1.26203,1.32,1.73
2012.10.10 14:11:06.892,1.26183,1.26201,1.50,1.73
2012.10.10 14:11:07.265,1.26186,1.26204,1.50,1.54
2012.10.10 14:11:07.582,1.26181,1.26203,1.32,2.48
2012.10.10 14:11:07.834,1.2618,1.26199,1.50,1.32
2012.10.10 14:11:07.903,1.26178,1.26198,3.00,1.50
2012.10.10 14:11:08.422,1.26178,1.26197,2.25,1.50
2012.10.10 14:11:08.602,1.26178,1.26196,1.50,2.25
2012.10.10 14:11:08.903,1.26178,1.26189,1.50,1.54
2012.10.10 14:11:09.042,1.26177,1.26189,1.32,1.54
2012.10.10 14:11:09.282,1.26174,1.26189,1.50,1.54
2012.10.10 14:11:09.402,1.26172,1.26189,2.25,1.54
2012.10.10 14:11:10.014,1.26172,1.26191,3.00,1.32
2012.10.10 14:11:10.083,1.26172,1.26192,3.75,1.13
2012.10.10 14:11:10.872,1.26177,1.26194,1.50,1.54
2012.10.10 14:11:11.052,1.26181,1.26194,2.07,1.32
2012.10.10 14:11:11.474,1.26186,1.26202,1.50,3.23
2012.10.10 14:11:11.805,1.26186,1.26203,1.50,1.32
2012.10.10 14:11:12.512,1.26186,1.26204,1.50,1.50
2012.10.10 14:11:13.345,1.26186,1.26206,1.50,1.32
2012.10.10 14:11:13.426,1.26186,1.26206,1.50,1.92
2012.10.10 14:11:13.499,1.26183,1.26203,1.50,1.50
2012.10.10 14:11:13.566,1.26181,1.262,1.32,1.50
2012.10.10 14:11:13.856,1.26181,1.26201,2.07,2.29
2012.10.10 14:11:13.923,1.26181,1.262,1.50,1.32
2012.10.10 14:11:14.173,1.26184,1.26204,1.50,2.25
2012.10.10 14:11:14.232,1.26184,1.26202,1.50,1.50
2012.10.10 14:11:14.552,1.26188,1.26205,1.50,2.07
2012.10.10 14:11:14.734,1.26188,1.26205,1.50,2.07
2012.10.10 14:11:14.986,1.26184,1.26203,2.25,1.50
2012.10.10 14:11:15.514,1.26184,1.26203,2.25,2.48
2012.10.10 14:11:16.465,1.26183,1.262,1.50,1.73
2012.10.10 14:11:16.773,1.26182,1.26201,1.32,2.25
2012.10.10 14:11:16.833,1.26189,1.26203,1.50,1.47
2012.10.10 14:11:17.572,1.26187,1.26204,1.50,1.54
2012.10.10 14:11:18.083,1.26187,1.26205,1.50,2.29
2012.10.10 14:11:18.216,1.26187,1.26205,1.50,2.85
2012.10.10 14:11:18.403,1.26182,1.26202,1.50,1.50
2012.10.10 14:11:18.473,1.26182,1.26202,1.50,1.73
2012.10.10 14:11:18.752,1.26182,1.26202,1.50,1.50
2012.10.10 14:11:20.913,1.26185,1.26204,1.50,1.73
2012.10.10 14:11:21.673,1.26185,1.26205,1.50,2.82
2012.10.10 14:11:21.733,1.26186,1.26205,1.50,1.32
2012.10.10 14:11:21.803,1.26192,1.26207,1.50,1.13
2012.10.10 14:11:21.873,1.26188,1.26207,1.50,1.88
2012.10.10 14:11:22.366,1.26191,1.26207,1.50,1.35
2012.10.10 14:11:22.433,1.26187,1.26207,2.25,2.10
2012.10.10 14:11:22.946,1.26188,1.26207,1.50,1.32
2012.10.10 14:11:23.016,1.26188,1.26209,3.04,2.25
2012.10.10 14:11:23.747,1.26194,1.26213,1.50,1.32
2012.10.10 14:11:23.825,1.26194,1.26214,1.50,2.07
2012.10.10 14:11:23.954,1.26193,1.26213,1.50,1.32
2012.10.10 14:11:24.275,1.26191,1.2621,1.50,1.50
2012.10.10 14:11:24.794,1.26191,1.2621,1.50,1.50
2012.10.10 14:11:25.102,1.26194,1.26211,1.50,1.50
2012.10.10 14:11:25.342,1.26194,1.26213,1.50,1.92
2012.10.10 14:11:25.874,1.26194,1.26213,1.50,1.32
2012.10.10 14:11:26.613,1.26193,1.26212,1.50,1.50
2012.10.10 14:11:28.462,1.26194,1.26212,1.50,1.50
2012.10.10 14:11:28.643,1.26196,1.26217,1.50,2.25
2012.10.10 14:11:28.764,1.26199,1.26218,2.25,1.50
2012.10.10 14:11:29.194,1.26195,1.26215,2.07,1.50
2012.10.10 14:11:29.503,1.26194,1.26213,1.50,1.73
2012.10.10 14:11:32.602,1.26194,1.26211,1.50,1.50
2012.10.10 14:11:32.904,1.26188,1.26204,1.32,2.29
2012.10.10 14:11:33.092,1.26189,1.26207,1.32,1.50
2012.10.10 14:11:33.451,1.26187,1.26205,1.32,1.50
2012.10.10 14:11:34.846,1.26189,1.26207,1.50,1.32
2012.10.10 14:11:35.292,1.26193,1.26211,1.50,1.54
2012.10.10 14:11:35.885,1.26191,1.2621,1.50,1.32
2012.10.10 14:11:35.952,1.2619,1.2621,1.50,2.07
2012.10.10 14:11:39.263,1.26193,1.26212,1.50,2.29
2012.10.10 14:11:39.663,1.26194,1.26212,1.50,1.54
2012.10.10 14:11:39.852,1.26196,1.26216,1.50,2.07
2012.10.10 14:11:40.363,1.26196,1.26217,1.50,1.50
2012.10.10 14:11:41.522,1.26195,1.26217,3.00,1.50
2012.10.10 14:11:42.383,1.26195,1.26215,2.25,2.25
2012.10.10 14:11:43.113,1.26195,1.26215,2.25,1.50
2012.10.10 14:11:46.192,1.26195,1.26215,1.50,2.48
2012.10.10 14:11:46.611,1.26195,1.26215,2.25,1.73
2012.10.10 14:11:46.952,1.26198,1.26217,1.50,1.32
2012.10.10 14:11:47.645,1.26198,1.26216,1.50,1.32
2012.10.10 14:11:47.745,1.26195,1.26215,2.25,1.50
2012.10.10 14:11:48.234,1.26195,1.26215,2.07,1.50
2012.10.10 14:11:48.744,1.26194,1.26214,1.50,2.07
2012.10.10 14:11:49.221,1.26192,1.26211,2.07,1.50
2012.10.10 14:11:49.590,1.26191,1.26208,1.32,1.50
2012.10.10 14:11:49.663,1.26192,1.26212,1.50,1.73
2012.10.10 14:11:51.833,1.26192,1.26212,1.50,1.50
2012.10.10 14:11:52.432,1.26191,1.2621,1.32,1.50
2012.10.10 14:11:52.736,1.26189,1.26208,1.50,2.25
2012.10.10 14:11:53.044,1.2619,1.2621,2.82,1.50
2012.10.10 14:11:53.173,1.2619,1.2621,2.82,1.50
2012.10.10 14:11:53.244,1.26193,1.26213,1.50,2.29
2012.10.10 14:11:53.732,1.26193,1.26212,1.50,1.13
2012.10.10 14:11:54.291,1.26194,1.26213,1.50,1.69
2012.10.10 14:11:54.886,1.26194,1.26211,1.50,1.13
2012.10.10 14:11:55.133,1.26196,1.26216,1.32,1.50
2012.10.10 14:11:55.202,1.26199,1.26217,1.50,1.50
2012.10.10 14:11:55.794,1.26199,1.26219,1.50,1.50
2012.10.10 14:11:56.783,1.26199,1.26218,1.50,1.32
2012.10.10 14:11:57.067,1.26196,1.26215,2.25,1.32
2012.10.10 14:11:57.884,1.26195,1.26215,1.50,2.07
2012.10.10 14:11:58.132,1.26196,1.26217,2.48,1.50
2012.10.10 14:11:58.434,1.26196,1.26211,1.73,1.50
2012.10.10 14:11:58.623,1.2619,1.26212,2.82,1.50
2012.10.10 14:11:58.694,1.26193,1.26213,1.50,1.50
2012.10.10 14:11:59.342,1.26193,1.26213,1.50,1.73
2012.10.10 14:12:00.229,1.26199,1.26217,1.50,1.32
2012.10.10 14:12:00.894,1.26199,1.26218,1.50,1.88
2012.10.10 14:12:02.034,1.26199,1.26218,1.50,1.13
2012.10.10 14:12:02.401,1.26197,1.26218,1.50,1.13
2012.10.10 14:12:02.733,1.262,1.26219,1.32,1.50
2012.10.10 14:12:03.062,1.26204,1.26222,1.50,1.50
2012.10.10 14:12:05.344,1.26204,1.26222,1.50,1.50
2012.10.10 14:12:05.930,1.26201,1.26221,2.25,1.50
2012.10.10 14:12:05.992,1.26201,1.26221,1.50,2.25
2012.10.10 14:12:07.315,1.26199,1.26217,1.32,1.50
2012.10.10 14:12:07.928,1.26199,1.26217,1.32,1.50
2012.10.10 14:12:09.402,1.26197,1.26217,1.50,1.50
2012.10.10 14:12:10.462,1.26196,1.26216,2.07,1.50
2012.10.10 14:12:10.643,1.26198,1.26218,1.50,1.50
2012.10.10 14:12:11.121,1.26196,1.26215,1.32,2.25
2012.10.10 14:12:12.717,1.26194,1.26213,1.32,1.73
2012.10.10 14:12:13.961,1.26193,1.26212,1.32,1.73
2012.10.10 14:12:14.862,1.2619,1.26211,2.25,1.50
2012.10.10 14:12:15.533,1.26192,1.26211,2.25,1.50
2012.10.10 14:12:15.854,1.26192,1.26208,2.10,1.50
2012.10.10 14:12:15.994,1.26193,1.26213,1.50,1.50
2012.10.10 14:12:16.066,1.26194,1.26214,1.50,1.73
2012.10.10 14:12:16.262,1.26196,1.26214,1.50,1.73
2012.10.10 14:12:16.324,1.26197,1.26215,1.50,2.82
2012.10.10 14:12:16.674,1.26192,1.26209,1.50,2.25
2012.10.10 14:12:16.982,1.26192,1.26203,1.32,1.32
2012.10.10 14:12:17.265,1.26186,1.26195,1.32,1.73
2012.10.10 14:12:17.775,1.2618,1.26198,1.50,1.50
2012.10.10 14:12:17.919,1.26178,1.26198,3.75,1.50
2012.10.10 14:12:17.984,1.2618,1.262,1.50,1.50
2012.10.10 14:12:18.314,1.2618,1.262,1.50,3.00
2012.10.10 14:12:18.802,1.26177,1.26197,1.88,1.50
2012.10.10 14:12:19.188,1.26178,1.26198,2.25,1.50
2012.10.10 14:12:20.571,1.26179,1.262,1.32,1.50
2012.10.10 14:12:22.433,1.26179,1.26198,1.32,1.50
2012.10.10 14:12:22.843,1.2618,1.26199,2.29,1.50
2012.10.10 14:12:22.975,1.26186,1.26202,1.50,1.50
2012.10.10 14:12:23.045,1.26186,1.26204,2.07,1.50
2012.10.10 14:12:23.173,1.26188,1.26206,2.07,1.50
2012.10.10 14:12:23.363,1.26188,1.26206,2.07,2.25
2012.10.10 14:12:23.762,1.26187,1.26204,1.50,1.50
2012.10.10 14:12:23.821,1.26184,1.26203,1.50,2.48
2012.10.10 14:12:24.065,1.26184,1.26203,2.07,2.25
2012.10.10 14:12:24.133,1.26185,1.26204,1.50,1.50
2012.10.10 14:12:24.672,1.26188,1.26205,1.50,1.32
2012.10.10 14:12:25.173,1.26188,1.26205,1.50,1.32
2012.10.10 14:12:26.673,1.26188,1.26205,1.50,1.32
2012.10.10 14:12:27.472,1.26188,1.26206,1.50,1.54
2012.10.10 14:12:27.774,1.26192,1.26208,1.35,1.32
2012.10.10 14:12:28.284,1.26192,1.26209,1.50,2.07
2012.10.10 14:12:28.425,1.26186,1.26205,2.29,1.32
2012.10.10 14:12:28.493,1.26186,1.26205,2.48,1.32
2012.10.10 14:12:29.173,1.26184,1.26205,2.25,1.32
2012.10.10 14:12:29.302,1.26184,1.26206,3.00,2.07
2012.10.10 14:12:29.661,1.26185,1.26205,1.32,1.50
2012.10.10 14:12:29.907,1.26185,1.26205,2.07,1.50
2012.10.10 14:12:30.044,1.26191,1.2621,1.50,1.73
2012.10.10 14:12:30.293,1.26193,1.26213,2.25,1.32
2012.10.10 14:12:30.421,1.26193,1.26214,3.00,1.50
2012.10.10 14:12:30.542,1.26196,1.26215,1.32,1.50
2012.10.10 14:12:30.903,1.26196,1.26214,1.50,1.32
2012.10.10 14:12:30.972,1.26196,1.26216,2.25,1.32
2012.10.10 14:12:31.642,1.26195,1.26214,1.50,1.32
2012.10.10 14:12:31.720,1.26193,1.2621,1.50,1.50
2012.10.10 14:12:31.785,1.26191,1.2621,2.07,1.50
2012.10.10 14:12:31.914,1.26191,1.2621,1.88,1.50
2012.10.10 14:12:32.419,1.26192,1.2621,1.13,1.50
2012.10.10 14:12:32.813,1.26191,1.2621,1.32,1.50
2012.10.10 14:12:32.982,1.26189,1.26207,2.07,1.50
2012.10.10 14:12:33.044,1.26189,1.26204,1.32,1.50
2012.10.10 14:12:33.173,1.26188,1.26207,1.54,1.50
2012.10.10 14:12:33.425,1.2619,1.26209,1.13,1.50
2012.10.10 14:12:34.133,1.2619,1.26209,1.13,2.25
2012.10.10 14:12:34.335,1.26184,1.26203,1.50,1.32
2012.10.10 14:12:35.546,1.26185,1.26206,1.32,2.25
2012.10.10 14:12:36.033,1.26185,1.26203,1.32,2.25
2012.10.10 14:12:36.377,1.26185,1.262,1.32,1.50
2012.10.10 14:12:36.502,1.26181,1.262,1.13,1.50
2012.10.10 14:12:36.769,1.26183,1.26201,1.32,1.50
2012.10.10 14:12:37.316,1.26182,1.262,1.32,1.50
2012.10.10 14:12:37.384,1.26183,1.26202,2.07,1.50
2012.10.10 14:12:37.512,1.26185,1.26204,1.32,1.73
2012.10.10 14:12:37.573,1.26186,1.26204,1.50,1.50
2012.10.10 14:12:37.785,1.26185,1.26204,1.32,1.50
2012.10.10 14:12:37.925,1.26184,1.26202,1.32,1.50
2012.10.10 14:12:38.425,1.26181,1.262,1.88,1.50
2012.10.10 14:12:38.995,1.26181,1.262,1.88,1.50
2012.10.10 14:12:39.131,1.26181,1.262,1.88,1.50
2012.10.10 14:12:39.704,1.26182,1.262,1.13,1.50
2012.10.10 14:12:39.833,1.26181,1.26197,1.32,1.50
2012.10.10 14:12:40.184,1.26184,1.26201,1.50,1.50
2012.10.10 14:12:40.436,1.26187,1.26204,1.50,1.50
2012.10.10 14:12:40.504,1.26184,1.26204,3.04,2.25
2012.10.10 14:12:40.631,1.26184,1.26203,2.82,1.50
2012.10.10 14:12:40.692,1.26184,1.262,1.50,1.32
2012.10.10 14:12:40.882,1.2618,1.26198,2.29,1.50
2012.10.10 14:12:40.944,1.26181,1.26198,1.32,1.50
2012.10.10 14:12:41.135,1.26183,1.262,1.32,2.07
2012.10.10 14:12:41.677,1.26191,1.26204,1.50,1.13
2012.10.10 14:12:42.064,1.26191,1.26208,1.50,1.69
2012.10.10 14:12:42.312,1.26191,1.2621,1.50,1.50
2012.10.10 14:12:42.372,1.26191,1.26211,2.25,3.00
2012.10.10 14:12:42.913,1.26191,1.2621,1.50,2.25
2012.10.10 14:12:42.973,1.2619,1.2621,1.50,1.50
2012.10.10 14:12:46.715,1.26189,1.2621,2.07,2.25
2012.10.10 14:12:46.904,1.26189,1.2621,2.82,1.50
2012.10.10 14:12:47.271,1.26192,1.26212,1.50,1.50
2012.10.10 14:12:47.791,1.26192,1.26213,1.50,3.98
2012.10.10 14:12:49.414,1.26194,1.26213,1.50,2.48
2012.10.10 14:12:49.885,1.26199,1.26216,1.50,1.92
2012.10.10 14:12:50.433,1.26199,1.26217,1.50,1.32
2012.10.10 14:12:51.373,1.26199,1.26219,1.50,2.48
2012.10.10 14:12:51.523,1.26199,1.26219,1.50,2.25
2012.10.10 14:12:52.042,1.26201,1.2622,1.50,1.50
2012.10.10 14:12:52.582,1.26201,1.26221,1.50,2.29
2012.10.10 14:12:52.903,1.26201,1.2622,1.50,1.32
2012.10.10 14:12:52.974,1.26199,1.26218,1.50,1.32
2012.10.10 14:12:53.598,1.26199,1.26217,1.50,1.50
2012.10.10 14:12:54.122,1.26198,1.26218,1.50,2.82
2012.10.10 14:12:55.276,1.26198,1.26217,1.50,2.25
2012.10.10 14:12:55.343,1.26196,1.26216,1.50,1.50
2012.10.10 14:12:55.412,1.26196,1.26215,1.50,1.50
2012.10.10 14:12:56.502,1.26198,1.26217,1.50,1.32
2012.10.10 14:12:57.008,1.26198,1.26217,1.50,2.82
2012.10.10 14:12:57.354,1.26196,1.26214,1.50,1.50
2012.10.10 14:12:57.903,1.26196,1.26213,1.50,1.50
2012.10.10 14:12:58.082,1.26196,1.26215,1.50,2.25
2012.10.10 14:12:58.144,1.26193,1.26212,1.32,1.50
2012.10.10 14:12:58.682,1.26191,1.26209,1.32,1.50
2012.10.10 14:12:59.224,1.26191,1.26209,1.32,1.50
2012.10.10 14:12:59.711,1.26186,1.26208,1.50,2.25
2012.10.10 14:13:03.893,1.2619,1.26209,1.50,3.00
2012.10.10 14:13:04.013,1.26185,1.26206,1.73,2.07
2012.10.10 14:13:04.555,1.26185,1.26206,1.50,2.07
2012.10.10 14:13:07.163,1.26186,1.26204,1.32,2.25
2012.10.10 14:13:07.879,1.2618,1.26199,2.07,1.73
2012.10.10 14:13:08.173,1.2618,1.26198,1.32,1.50
2012.10.10 14:13:10.552,1.26176,1.26196,1.32,1.50
2012.10.10 14:13:11.240,1.26176,1.26196,1.13,1.50
2012.10.10 14:13:11.555,1.26178,1.26198,1.50,1.32
2012.10.10 14:13:11.862,1.26181,1.26199,1.50,1.32
2012.10.10 14:13:12.543,1.26179,1.26199,1.50,1.32
2012.10.10 14:13:13.092,1.2618,1.262,1.32,2.25
2012.10.10 14:13:13.405,1.2618,1.262,2.07,1.50
2012.10.10 14:13:13.655,1.26182,1.26203,1.50,1.32
2012.10.10 14:13:14.912,1.26181,1.262,1.50,1.50
2012.10.10 14:13:15.092,1.26179,1.26199,1.50,2.25
2012.10.10 14:13:15.153,1.26177,1.26199,1.32,3.00
2012.10.10 14:13:15.222,1.26177,1.26196,1.32,1.50
2012.10.10 14:13:15.603,1.26177,1.26196,2.07,1.50
2012.10.10 14:13:15.785,1.26183,1.26199,1.32,1.50
2012.10.10 14:13:16.042,1.26179,1.26199,1.73,2.25
2012.10.10 14:13:16.222,1.26177,1.26198,1.73,1.50
2012.10.10 14:13:16.300,1.26177,1.26198,1.50,1.50
2012.10.10 14:13:16.564,1.26179,1.26199,1.50,1.50
2012.10.10 14:13:16.874,1.2618,1.26201,1.50,1.50
2012.10.10 14:13:17.439,1.2618,1.26201,1.50,1.50
2012.10.10 14:13:17.515,1.26178,1.262,1.50,2.07
2012.10.10 14:13:17.923,1.2618,1.26199,1.58,1.32
2012.10.10 14:13:18.263,1.26185,1.26201,1.32,1.73
2012.10.10 14:13:18.454,1.26177,1.26194,1.50,1.54
2012.10.10 14:13:18.582,1.26176,1.26194,1.50,2.07
2012.10.10 14:13:18.821,1.26174,1.26191,1.50,1.50
2012.10.10 14:13:19.124,1.2618,1.26191,1.50,1.50
2012.10.10 14:13:19.434,1.26181,1.26196,1.32,1.50
2012.10.10 14:13:19.503,1.26181,1.262,1.32,2.25
2012.10.10 14:13:19.882,1.26183,1.262,1.32,1.50
2012.10.10 14:13:23.082,1.26181,1.262,1.35,1.50
2012.10.10 14:13:23.301,1.26183,1.26201,1.50,1.50
2012.10.10 14:13:26.256,1.2618,1.26201,2.82,1.50
2012.10.10 14:13:26.773,1.2618,1.26201,1.32,2.25
2012.10.10 14:13:27.207,1.26179,1.26198,2.82,1.73
2012.10.10 14:13:27.702,1.2618,1.26198,1.32,1.73
2012.10.10 14:13:29.990,1.26179,1.26197,2.25,1.54
2012.10.10 14:13:32.065,1.26183,1.26198,1.50,2.48
2012.10.10 14:13:32.323,1.26185,1.26199,1.32,1.32
2012.10.10 14:13:32.395,1.26188,1.26199,1.80,1.32
2012.10.10 14:13:32.465,1.2619,1.26202,1.50,1.50
2012.10.10 14:13:32.735,1.26188,1.26203,1.65,1.50
2012.10.10 14:13:32.875,1.2619,1.26205,1.50,2.25
2012.10.10 14:13:33.015,1.2619,1.26201,1.50,1.50
2012.10.10 14:13:33.092,1.26189,1.26204,1.32,1.50
2012.10.10 14:13:33.227,1.2619,1.26201,1.32,1.50
2012.10.10 14:13:33.593,1.26184,1.26201,1.32,1.50
2012.10.10 14:13:33.864,1.26184,1.26202,2.07,1.50
2012.10.10 14:13:34.510,1.26184,1.26205,1.32,3.00
2012.10.10 14:13:35.414,1.26182,1.26202,1.50,2.29
2012.10.10 14:13:35.584,1.2618,1.26201,2.07,1.73
2012.10.10 14:13:35.724,1.2618,1.26201,2.07,1.73
2012.10.10 14:13:35.945,1.26181,1.26203,1.50,1.73
2012.10.10 14:13:36.252,1.26185,1.26204,1.32,1.50
2012.10.10 14:13:36.491,1.26187,1.26206,1.50,1.50
2012.10.10 14:13:36.810,1.26185,1.26204,1.32,1.73
2012.10.10 14:13:36.947,1.26185,1.26204,2.07,2.48
2012.10.10 14:13:37.483,1.26189,1.26207,1.50,1.50
2012.10.10 14:13:38.044,1.26189,1.26208,1.50,1.50
2012.10.10 14:13:38.572,1.26188,1.26208,2.25,1.50
2012.10.10 14:13:39.404,1.26189,1.26208,2.07,1.50
2012.10.10 14:13:40.287,1.26191,1.26212,2.10,3.00
2012.10.10 14:13:41.116,1.26191,1.26208,1.50,1.50
2012.10.10 14:13:41.184,1.26188,1.26207,1.65,1.32
2012.10.10 14:13:41.258,1.26187,1.26206,2.22,2.07
2012.10.10 14:13:41.643,1.26187,1.26206,1.50,2.07
2012.10.10 14:13:44.904,1.26187,1.26206,2.25,2.07
2012.10.10 14:13:46.695,1.26187,1.26206,1.50,1.50
2012.10.10 14:13:46.944,1.26189,1.26209,1.50,2.48
2012.10.10 14:13:48.491,1.26187,1.26206,2.25,1.50
2012.10.10 14:13:50.284,1.26187,1.26206,2.25,1.50
2012.10.10 14:13:50.932,1.26187,1.26201,1.50,1.50
2012.10.10 14:13:51.233,1.26184,1.26199,1.32,1.50
2012.10.10 14:13:51.482,1.26184,1.26202,1.32,1.50
2012.10.10 14:13:52.222,1.26184,1.26201,1.32,1.35
2012.10.10 14:13:52.697,1.26177,1.26197,1.54,1.50
2012.10.10 14:13:52.835,1.26176,1.26197,1.50,1.50
2012.10.10 14:13:53.061,1.26175,1.26198,1.32,3.23
2012.10.10 14:13:53.619,1.26176,1.26196,1.50,1.32
2012.10.10 14:13:54.264,1.26179,1.26198,1.50,1.50
2012.10.10 14:13:54.394,1.26184,1.26204,1.32,1.54
2012.10.10 14:13:54.464,1.26185,1.26205,1.50,1.73
2012.10.10 14:13:56.244,1.26185,1.26204,1.50,1.50
2012.10.10 14:13:56.373,1.26183,1.26202,1.32,1.50
2012.10.10 14:13:57.554,1.26183,1.26201,1.32,1.50
2012.10.10 14:13:57.875,1.26179,1.26193,1.50,1.50
2012.10.10 14:13:58.153,1.26173,1.26193,1.50,1.50
2012.10.10 14:13:58.922,1.26174,1.26193,1.13,2.25
2012.10.10 14:13:59.545,1.26174,1.2619,1.13,1.50
2012.10.10 14:14:02.037,1.26174,1.26191,1.88,1.50
2012.10.10 14:14:02.553,1.26174,1.26194,1.50,1.73
2012.10.10 14:14:05.821,1.26174,1.26194,1.50,1.50
2012.10.10 14:14:06.144,1.26176,1.26194,1.50,1.50
2012.10.10 14:14:07.715,1.26177,1.26195,1.50,1.54
2012.10.10 14:14:07.786,1.26178,1.26196,1.50,2.29
