2009.12.31 13:00:04.416,1.514,1.51435,1.60,1.00
2009.12.31 13:00:04.635,1.5139,1.51435,2.40,1.00
2009.12.31 13:00:04.866,1.5139,1.51435,1.60,1.00
2009.12.31 13:00:06.435,1.5139,1.5143,1.60,1.00
2009.12.31 13:00:06.555,1.5139,1.5143,1.60,1.00
2009.12.31 13:00:07.025,1.5139,1.5143,2.40,1.00
2009.12.31 13:00:07.195,1.5139,1.5144,2.50,1.00
2009.12.31 13:00:07.365,1.51395,1.5144,1.00,1.00
2009.12.31 13:00:08.115,1.514,1.51435,1.60,1.00
2009.12.31 13:00:08.295,1.51405,1.51445,1.00,1.00
2009.12.31 13:00:08.575,1.51405,1.51445,1.60,1.00
2009.12.31 13:00:08.805,1.51415,1.5145,1.60,1.00
2009.12.31 13:00:11.724,1.51415,1.5146,1.00,1.70
2009.12.31 13:00:13.004,1.51415,1.51445,1.00,1.00
2009.12.31 13:00:13.114,1.51405,1.5145,2.30,1.00
2009.12.31 13:00:13.284,1.51405,1.51445,2.30,1.70
2009.12.31 13:00:13.344,1.51405,1.51445,1.50,1.70
2009.12.31 13:00:13.514,1.514,1.51445,1.20,1.70
2009.12.31 13:00:14.113,1.514,1.5144,1.00,1.60
2009.12.31 13:00:14.343,1.514,1.5145,3.50,4.90
2009.12.31 13:00:14.613,1.514,1.5145,4.30,1.00
2009.12.31 13:00:14.843,1.514,1.5145,4.30,1.00
2009.12.31 13:00:15.433,1.5141,1.51455,1.00,2.50
2009.12.31 13:00:15.773,1.51415,1.5145,1.10,1.00
2009.12.31 13:00:20.542,1.51415,1.5145,1.10,1.00
2009.12.31 13:00:20.772,1.51415,1.5144,1.00,1.60
2009.12.31 13:00:20.951,1.51405,1.5144,4.30,1.60
2009.12.31 13:00:22.791,1.51405,1.5143,1.10,1.60
2009.12.31 13:00:23.011,1.514,1.5144,1.00,1.60
2009.12.31 13:00:23.241,1.514,1.5144,1.30,1.60
2009.12.31 13:00:23.461,1.514,1.5144,1.10,1.60
2009.12.31 13:00:23.691,1.514,1.5144,1.30,1.60
2009.12.31 13:00:24.431,1.514,1.5144,1.20,1.60
2009.12.31 13:00:24.721,1.51405,1.5144,1.00,1.60
2009.12.31 13:00:26.951,1.514,1.5144,1.00,1.60
2009.12.31 13:00:27.060,1.51405,1.5144,1.00,1.60
2009.12.31 13:00:28.870,1.514,1.5144,1.00,2.10
2009.12.31 13:00:29.140,1.514,1.5144,1.00,1.60
2009.12.31 13:00:29.260,1.514,1.5145,2.40,2.10
2009.12.31 13:00:29.430,1.514,1.5145,2.80,2.10
2009.12.31 13:00:29.609,1.51405,1.5145,1.60,2.10
2009.12.31 13:00:29.789,1.51405,1.5145,2.00,2.10
2009.12.31 13:00:29.909,1.51405,1.5145,1.60,2.10
2009.12.31 13:00:34.749,1.51405,1.5145,1.60,1.00
2009.12.31 13:00:35.408,1.51405,1.5145,2.00,1.00
2009.12.31 13:00:39.827,1.51405,1.5145,2.80,1.00
2009.12.31 13:00:39.997,1.51405,1.51445,2.80,1.00
2009.12.31 13:00:40.217,1.5141,1.51445,1.60,1.00
2009.12.31 13:00:45.836,1.5141,1.5145,2.40,1.00
2009.12.31 13:00:46.185,1.5141,1.5145,3.20,1.00
2009.12.31 13:00:46.295,1.51415,1.5145,1.60,1.00
2009.12.31 13:00:48.365,1.5142,1.5145,1.60,1.00
2009.12.31 13:00:48.705,1.5142,1.51455,1.60,1.00
2009.12.31 13:00:50.514,1.51415,1.51455,2.00,1.60
2009.12.31 13:00:50.864,1.51415,1.51455,1.60,1.60
2009.12.31 13:00:51.194,1.51415,1.51455,1.60,1.60
2009.12.31 13:00:51.304,1.51415,1.51445,1.60,1.00
2009.12.31 13:00:51.414,1.5141,1.5145,1.00,1.00
2009.12.31 13:00:51.534,1.5141,1.5145,1.00,1.00
2009.12.31 13:00:51.654,1.51405,1.5145,4.40,1.00
2009.12.31 13:00:51.884,1.51405,1.5145,7.90,1.00
2009.12.31 13:00:54.894,1.51405,1.51445,6.30,1.60
2009.12.31 13:00:55.493,1.51405,1.51445,6.30,1.70
2009.12.31 13:00:55.903,1.51415,1.5145,1.60,1.00
2009.12.31 13:00:56.233,1.5142,1.51455,1.60,1.00
2009.12.31 13:00:56.593,1.51425,1.51455,1.60,1.00
2009.12.31 13:00:56.703,1.5142,1.51455,2.40,1.00
2009.12.31 13:00:56.883,1.5142,1.51455,1.60,1.00
2009.12.31 13:00:57.573,1.51415,1.5145,2.70,1.00
2009.12.31 13:00:57.923,1.5141,1.5145,1.60,1.00
2009.12.31 13:00:58.253,1.5141,1.51445,1.60,1.00
2009.12.31 13:00:58.423,1.5141,1.51445,1.60,1.30
2009.12.31 13:00:58.593,1.5141,1.51445,1.60,2.10
2009.12.31 13:00:58.762,1.5141,1.5144,1.60,1.00
2009.12.31 13:00:58.932,1.51395,1.5144,9.20,1.00
2009.12.31 13:00:59.103,1.51395,1.5143,1.00,1.60
2009.12.31 13:00:59.282,1.51385,1.51435,3.30,6.80
2009.12.31 13:00:59.572,1.5138,1.51425,2.00,2.00
2009.12.31 13:01:00.422,1.5138,1.51425,1.60,2.00
2009.12.31 13:01:01.632,1.51385,1.51425,2.70,1.00
2009.12.31 13:01:02.552,1.51385,1.51425,1.60,1.00
2009.12.31 13:01:03.471,1.51385,1.5141,1.60,1.00
2009.12.31 13:01:03.522,1.51385,1.5141,1.60,1.90
2009.12.31 13:01:03.641,1.5138,1.514,1.00,1.60
2009.12.31 13:01:03.701,1.51375,1.514,1.00,1.60
2009.12.31 13:01:03.761,1.5135,1.51405,4.00,7.60
2009.12.31 13:01:03.971,1.51345,1.5139,1.00,1.00
2009.12.31 13:01:04.091,1.51345,1.51385,1.00,1.00
2009.12.31 13:01:04.321,1.51345,1.51375,1.00,1.00
2009.12.31 13:01:04.491,1.5133,1.51375,1.60,1.00
2009.12.31 13:01:04.831,1.51335,1.5137,1.60,1.00
2009.12.31 13:01:05.171,1.5133,1.5137,1.00,1.00
2009.12.31 13:01:05.521,1.51325,1.5137,2.10,1.00
2009.12.31 13:01:06.161,1.51335,1.5137,1.60,1.00
2009.12.31 13:01:06.461,1.51335,1.5137,1.60,2.00
2009.12.31 13:01:06.731,1.51325,1.5137,2.00,2.20
2009.12.31 13:01:07.021,1.51325,1.51365,2.00,1.00
2009.12.31 13:01:07.530,1.5133,1.51365,1.00,1.00
2009.12.31 13:01:08.970,1.51335,1.5137,1.00,2.00
2009.12.31 13:01:09.350,1.51335,1.5137,2.80,2.00
2009.12.31 13:01:09.470,1.51335,1.5137,5.50,1.00
2009.12.31 13:01:09.640,1.51335,1.5136,3.10,1.20
2009.12.31 13:01:09.810,1.51335,1.5136,1.50,4.50
2009.12.31 13:01:09.980,1.51335,1.51355,1.10,1.20
2009.12.31 13:01:10.150,1.51325,1.51355,1.00,1.20
2009.12.31 13:01:10.260,1.5132,1.51355,1.00,1.20
2009.12.31 13:01:10.610,1.5131,1.5135,1.00,1.00
2009.12.31 13:01:14.369,1.5132,1.5135,1.00,1.00
2009.12.31 13:01:14.709,1.5131,1.5135,1.00,2.00
2009.12.31 13:01:14.769,1.5131,1.51345,1.00,1.00
2009.12.31 13:01:15.239,1.5132,1.51345,1.60,1.00
2009.12.31 13:01:15.588,1.5132,1.51355,1.60,5.20
2009.12.31 13:01:16.578,1.5132,1.5135,1.60,1.00
2009.12.31 13:01:16.858,1.51305,1.5135,1.00,4.40
2009.12.31 13:01:16.978,1.513,1.5135,1.00,1.00
2009.12.31 13:01:17.098,1.513,1.5135,1.00,1.00
2009.12.31 13:01:17.378,1.513,1.51345,1.00,1.00
2009.12.31 13:01:18.478,1.51305,1.51345,1.00,1.00
2009.12.31 13:01:21.478,1.51315,1.51345,1.00,1.00
2009.12.31 13:01:25.786,1.51315,1.51345,1.00,1.00
2009.12.31 13:01:26.067,1.51315,1.5135,1.00,1.00
2009.12.31 13:01:26.296,1.51315,1.51355,1.00,1.00
2009.12.31 13:01:28.835,1.51315,1.51355,1.00,1.00
2009.12.31 13:01:31.425,1.51315,1.51355,1.00,1.00
2009.12.31 13:01:31.535,1.51315,1.51355,1.00,1.00
2009.12.31 13:01:31.716,1.51315,1.51355,1.00,1.00
2009.12.31 13:01:31.885,1.51315,1.5135,1.00,1.00
2009.12.31 13:01:33.254,1.5132,1.51355,1.00,1.00
2009.12.31 13:01:33.375,1.5132,1.51355,1.00,1.00
2009.12.31 13:01:33.494,1.5132,1.51355,1.00,1.00
2009.12.31 13:01:33.604,1.5132,1.5136,1.30,1.00
2009.12.31 13:01:33.954,1.5132,1.5136,1.20,1.00
2009.12.31 13:01:34.064,1.5132,1.5136,1.30,1.00
2009.12.31 13:01:34.654,1.51315,1.5136,5.90,1.00
2009.12.31 13:01:35.524,1.5132,1.51365,1.30,1.00
2009.12.31 13:01:36.333,1.51315,1.5136,1.00,1.00
2009.12.31 13:01:37.173,1.5132,1.51365,1.30,1.00
2009.12.31 13:01:39.163,1.5132,1.51365,1.00,1.00
2009.12.31 13:01:39.223,1.51315,1.5136,1.00,1.00
2009.12.31 13:01:40.853,1.51315,1.5136,1.30,1.00
2009.12.31 13:01:41.032,1.51315,1.5136,1.00,1.00
2009.12.31 13:01:42.492,1.51315,1.5135,1.00,1.00
2009.12.31 13:01:43.982,1.51315,1.51345,1.00,1.00
2009.12.31 13:01:44.442,1.51305,1.51345,1.00,1.00
2009.12.31 13:01:44.662,1.51305,1.51335,1.00,1.20
2009.12.31 13:01:44.832,1.51295,1.5133,1.00,4.40
2009.12.31 13:01:45.232,1.5129,1.5133,1.00,6.80
2009.12.31 13:01:45.411,1.51285,1.5132,1.00,1.20
2009.12.31 13:01:45.641,1.51285,1.5132,1.00,2.00
2009.12.31 13:01:45.971,1.51285,1.51315,1.00,1.00
2009.12.31 13:01:49.640,1.51275,1.51315,1.00,1.00
2009.12.31 13:01:50.490,1.5127,1.5131,2.10,1.00
2009.12.31 13:01:50.781,1.51265,1.51295,1.00,3.10
2009.12.31 13:01:50.960,1.5125,1.51285,1.00,1.00
2009.12.31 13:01:51.350,1.51235,1.51285,2.90,1.00
2009.12.31 13:01:51.520,1.51235,1.5128,2.50,1.00
2009.12.31 13:01:51.680,1.51235,1.5128,1.60,2.00
2009.12.31 13:01:51.910,1.51235,1.51275,1.60,1.00
2009.12.31 13:01:52.210,1.5123,1.51275,1.00,1.00
2009.12.31 13:01:52.500,1.51235,1.51275,1.00,1.00
2009.12.31 13:01:53.069,1.51235,1.5128,1.00,6.80
2009.12.31 13:01:53.350,1.51235,1.5128,5.30,1.00
2009.12.31 13:01:53.579,1.5124,1.5129,1.00,5.90
2009.12.31 13:01:53.810,1.51245,1.5129,1.00,1.00
2009.12.31 13:01:54.099,1.51245,1.51295,2.40,1.00
2009.12.31 13:01:54.659,1.51245,1.51295,1.00,1.00
2009.12.31 13:01:55.569,1.51245,1.51295,2.50,1.00
2009.12.31 13:01:56.269,1.5124,1.5129,4.80,1.00
2009.12.31 13:01:56.379,1.51245,1.5129,1.00,1.00
2009.12.31 13:01:56.549,1.51245,1.5129,2.80,1.00
2009.12.31 13:01:56.669,1.51245,1.51295,4.70,1.00
2009.12.31 13:01:58.408,1.5125,1.51295,1.00,1.00
2009.12.31 13:01:59.328,1.51255,1.51295,1.00,1.00
2009.12.31 13:01:59.448,1.51255,1.51295,1.00,1.00
2009.12.31 13:01:59.848,1.5125,1.5129,1.00,1.00
2009.12.31 13:02:01.251,1.5125,1.51285,1.00,3.20
2009.12.31 13:02:01.638,1.51245,1.5128,1.00,1.00
2009.12.31 13:02:02.687,1.51245,1.51285,1.00,1.00
2009.12.31 13:02:04.697,1.51235,1.51285,3.90,1.00
2009.12.31 13:02:04.867,1.51235,1.51285,3.10,1.00
2009.12.31 13:02:04.927,1.51235,1.51285,2.00,1.00
2009.12.31 13:02:04.987,1.51235,1.51285,1.60,1.00
2009.12.31 13:02:05.456,1.51235,1.5128,1.60,1.00
2009.12.31 13:02:06.886,1.5124,1.5128,1.00,1.00
2009.12.31 13:02:07.176,1.5124,1.51285,1.00,1.00
2009.12.31 13:02:08.236,1.5124,1.51275,1.00,1.00
2009.12.31 13:02:08.526,1.51235,1.51275,1.70,1.00
2009.12.31 13:02:09.036,1.5123,1.51275,3.40,1.00
2009.12.31 13:02:09.266,1.51235,1.5127,1.00,1.00
2009.12.31 13:02:11.895,1.51225,1.51265,1.70,1.00
2009.12.31 13:02:12.065,1.51225,1.51265,1.60,1.00
2009.12.31 13:02:12.745,1.5122,1.51265,4.20,1.00
2009.12.31 13:02:13.085,1.51225,1.51265,1.00,1.00
2009.12.31 13:02:14.125,1.51225,1.5127,1.70,1.00
2009.12.31 13:02:14.305,1.5123,1.5127,1.00,1.00
2009.12.31 13:02:15.484,1.51225,1.5127,1.70,1.00
2009.12.31 13:02:18.114,1.51225,1.51275,1.70,1.00
2009.12.31 13:02:18.284,1.51225,1.51275,2.90,1.00
2009.12.31 13:02:18.503,1.5123,1.5128,1.00,1.00
2009.12.31 13:02:19.493,1.5123,1.5128,1.00,1.00
2009.12.31 13:02:20.033,1.51235,1.5128,1.00,1.00
2009.12.31 13:02:20.253,1.51235,1.51285,1.00,1.00
2009.12.31 13:02:20.373,1.51245,1.51285,1.00,1.00
2009.12.31 13:02:20.434,1.51245,1.51285,1.00,1.00
2009.12.31 13:02:20.893,1.5124,1.51285,1.00,1.00
2009.12.31 13:02:21.593,1.5125,1.51285,1.00,2.00
2009.12.31 13:02:21.873,1.51245,1.5128,1.00,1.00
2009.12.31 13:02:22.162,1.5125,1.51285,1.00,1.00
2009.12.31 13:02:22.692,1.51245,1.51285,1.70,1.00
2009.12.31 13:02:23.263,1.51255,1.51285,1.60,1.00
2009.12.31 13:02:23.552,1.51255,1.51295,1.60,5.30
2009.12.31 13:02:23.832,1.51255,1.51295,1.90,5.20
2009.12.31 13:02:24.642,1.51275,1.5131,3.50,1.00
2009.12.31 13:02:24.872,1.51285,1.5132,1.60,5.20
2009.12.31 13:02:25.162,1.51285,1.5132,1.60,4.40
2009.12.31 13:02:25.492,1.51285,1.51325,3.20,1.00
2009.12.31 13:02:25.782,1.51285,1.51325,4.80,1.00
2009.12.31 13:02:26.442,1.5129,1.51325,1.00,1.00
2009.12.31 13:02:26.911,1.51285,1.51325,4.90,1.00
2009.12.31 13:02:27.191,1.51285,1.51325,2.80,1.00
2009.12.31 13:02:27.431,1.5129,1.51325,1.00,1.00
2009.12.31 13:02:27.721,1.5129,1.51325,2.10,1.00
2009.12.31 13:02:28.021,1.51285,1.5133,2.50,1.00
2009.12.31 13:02:28.361,1.5129,1.5133,1.60,1.00
2009.12.31 13:02:29.461,1.5129,1.5133,1.60,1.00
2009.12.31 13:02:31.140,1.513,1.5133,1.00,1.00
2009.12.31 13:02:31.370,1.51305,1.51345,1.60,5.30
2009.12.31 13:02:31.950,1.51305,1.51345,1.60,2.10
2009.12.31 13:02:32.430,1.51305,1.5134,1.60,1.00
2009.12.31 13:02:32.650,1.51295,1.51335,1.60,4.80
2009.12.31 13:02:32.830,1.51295,1.51335,1.00,6.80
2009.12.31 13:02:33.190,1.5129,1.5133,1.60,4.40
2009.12.31 13:02:33.420,1.5129,1.5133,1.60,5.20
2009.12.31 13:02:34.620,1.513,1.5133,1.60,5.20
2009.12.31 13:02:34.730,1.513,1.5133,1.60,4.40
2009.12.31 13:02:34.849,1.513,1.51335,1.60,1.00
2009.12.31 13:02:36.299,1.5129,1.51325,1.00,2.00
2009.12.31 13:02:36.639,1.5129,1.5132,1.00,1.60
2009.12.31 13:02:36.909,1.5128,1.5132,1.00,6.80
2009.12.31 13:02:37.419,1.5128,1.5132,1.00,5.20
2009.12.31 13:02:38.199,1.51275,1.5132,3.30,5.20
2009.12.31 13:02:38.439,1.51275,1.5132,3.30,5.30
2009.12.31 13:02:39.608,1.51275,1.5132,3.30,4.50
2009.12.31 13:02:39.668,1.5128,1.5132,1.00,6.00
2009.12.31 13:02:39.948,1.5128,1.5132,1.00,1.60
2009.12.31 13:02:42.797,1.5128,1.51325,1.00,6.90
2009.12.31 13:02:46.217,1.5127,1.5131,1.00,6.80
2009.12.31 13:02:48.696,1.51275,1.5131,1.60,6.80
2009.12.31 13:02:48.806,1.51275,1.5131,1.70,3.60
2009.12.31 13:02:48.916,1.5128,1.5132,4.00,2.40
2009.12.31 13:02:49.026,1.5129,1.5133,1.60,2.40
2009.12.31 13:02:49.136,1.5129,1.5133,1.60,2.00
2009.12.31 13:02:50.346,1.5129,1.5133,1.60,2.00
2009.12.31 13:02:50.406,1.5129,1.5133,1.70,2.00
2009.12.31 13:02:51.065,1.51295,1.5133,1.60,2.00
2009.12.31 13:02:51.355,1.51295,1.5134,2.40,1.60
2009.12.31 13:02:51.525,1.51295,1.5134,3.90,1.60
2009.12.31 13:02:51.645,1.51305,1.5134,1.60,3.20
2009.12.31 13:02:51.765,1.51305,1.51335,1.60,1.00
2009.12.31 13:02:52.065,1.51295,1.51335,1.60,1.00
2009.12.31 13:02:53.275,1.51295,1.5133,1.60,1.70
2009.12.31 13:02:53.495,1.51295,1.51335,1.60,2.00
2009.12.31 13:02:53.725,1.51295,1.5134,4.00,3.60
2009.12.31 13:02:53.966,1.51295,1.5134,2.40,3.60
2009.12.31 13:02:54.255,1.51295,1.5134,2.80,3.60
2009.12.31 13:02:54.845,1.51295,1.5134,1.60,4.10
2009.12.31 13:02:55.194,1.51295,1.51335,1.60,2.10
2009.12.31 13:02:56.284,1.51285,1.51325,2.40,1.60
2009.12.31 13:02:56.394,1.51285,1.51325,1.60,1.60
2009.12.31 13:02:57.314,1.51295,1.5133,1.60,6.90
2009.12.31 13:02:57.664,1.51285,1.51325,1.60,2.00
2009.12.31 13:02:58.014,1.51275,1.5131,2.70,2.40
2009.12.31 13:02:58.364,1.5126,1.513,1.10,3.20
2009.12.31 13:02:58.704,1.5126,1.513,1.00,6.00
2009.12.31 13:02:59.053,1.51255,1.513,3.30,5.20
2009.12.31 13:02:59.873,1.51255,1.513,1.70,5.20
2009.12.31 13:03:00.323,1.5126,1.513,1.00,5.20
2009.12.31 13:03:01.473,1.51255,1.5129,1.00,1.20
2009.12.31 13:03:01.713,1.51255,1.5129,1.00,2.00
2009.12.31 13:03:05.552,1.5125,1.5129,1.00,2.80
2009.12.31 13:03:05.842,1.5125,1.5129,1.00,6.00
2009.12.31 13:03:06.642,1.5125,1.51285,1.00,1.00
2009.12.31 13:03:07.152,1.5126,1.51285,1.00,2.00
2009.12.31 13:03:07.682,1.5125,1.51285,1.00,2.00
2009.12.31 13:03:07.972,1.5125,1.51285,1.00,2.80
2009.12.31 13:03:08.211,1.5125,1.5128,1.00,5.20
2009.12.31 13:03:09.771,1.5125,1.51275,1.00,1.20
2009.12.31 13:03:10.291,1.5125,1.51275,1.00,2.00
2009.12.31 13:03:14.860,1.51245,1.51275,1.00,6.00
2009.12.31 13:03:15.140,1.51245,1.51275,1.00,4.40
2009.12.31 13:03:15.770,1.51245,1.51275,1.00,3.20
2009.12.31 13:03:16.120,1.51245,1.51275,1.00,3.60
2009.12.31 13:03:16.999,1.51245,1.51275,1.00,6.80
2009.12.31 13:03:17.159,1.5125,1.51275,1.00,6.80
2009.12.31 13:03:17.269,1.5125,1.51275,1.00,1.60
2009.12.31 13:03:17.549,1.51245,1.51275,1.00,1.60
2009.12.31 13:03:17.719,1.51245,1.5128,1.00,2.00
2009.12.31 13:03:17.939,1.51245,1.51285,1.00,5.20
2009.12.31 13:03:18.299,1.51245,1.51285,1.00,1.60
2009.12.31 13:03:18.639,1.51245,1.5129,1.00,7.60
2009.12.31 13:03:19.219,1.51245,1.5128,1.00,1.00
2009.12.31 13:03:19.339,1.5124,1.51265,2.70,1.90
2009.12.31 13:03:19.459,1.5124,1.5126,1.00,1.60
2009.12.31 13:03:19.629,1.51215,1.51255,1.00,2.00
2009.12.31 13:03:19.739,1.5121,1.51255,1.80,6.70
2009.12.31 13:03:19.919,1.51215,1.5125,1.00,1.00
2009.12.31 13:03:20.043,1.5121,1.51255,1.00,5.20
2009.12.31 13:03:20.388,1.5121,1.51255,1.00,5.20
2009.12.31 13:03:21.658,1.5122,1.51255,1.00,5.20
2009.12.31 13:03:22.449,1.5122,1.5125,1.00,1.00
2009.12.31 13:03:22.948,1.5122,1.5126,1.00,5.20
2009.12.31 13:03:23.468,1.51215,1.5126,1.00,6.90
2009.12.31 13:03:25.438,1.5122,1.5126,1.00,6.80
2009.12.31 13:03:25.717,1.5122,1.5126,1.00,5.20
2009.12.31 13:03:25.937,1.5121,1.5126,1.00,5.20
2009.12.31 13:03:26.177,1.51215,1.51255,1.00,5.20
2009.12.31 13:03:26.397,1.51215,1.51245,1.00,1.00
2009.12.31 13:03:26.897,1.51205,1.51245,1.00,1.00
2009.12.31 13:03:27.247,1.51205,1.51245,1.00,5.20
2009.12.31 13:03:27.597,1.5121,1.51245,1.00,4.00
2009.12.31 13:03:27.937,1.5121,1.51245,1.00,1.00
2009.12.31 13:03:29.446,1.51215,1.51245,1.00,1.00
2009.12.31 13:03:29.796,1.51215,1.5124,1.00,1.00
2009.12.31 13:03:29.966,1.5121,1.5124,1.00,1.00
2009.12.31 13:03:31.056,1.5121,1.51235,1.00,1.00
2009.12.31 13:03:31.866,1.5121,1.5124,1.00,5.20
2009.12.31 13:03:31.926,1.5121,1.5124,1.00,1.00
2009.12.31 13:03:32.106,1.5121,1.51245,1.00,2.00
2009.12.31 13:03:32.216,1.51215,1.51245,1.00,2.00
2009.12.31 13:03:32.555,1.51215,1.51245,1.00,1.00
2009.12.31 13:03:33.635,1.5121,1.51245,1.00,1.00
2009.12.31 13:03:33.915,1.5121,1.5124,1.00,1.00
2009.12.31 13:03:34.905,1.5121,1.51245,1.00,1.00
2009.12.31 13:03:35.025,1.51215,1.51245,1.00,1.00
2009.12.31 13:03:35.195,1.51215,1.5125,1.00,5.20
2009.12.31 13:03:36.555,1.5122,1.5125,1.00,5.20
2009.12.31 13:03:37.234,1.51225,1.5125,1.00,5.20
2009.12.31 13:03:37.615,1.51225,1.51255,1.00,2.00
2009.12.31 13:03:37.834,1.51225,1.5126,1.00,2.00
2009.12.31 13:03:38.394,1.5122,1.5126,1.00,3.60
2009.12.31 13:03:38.624,1.5122,1.5126,1.00,6.80
2009.12.31 13:03:39.594,1.5121,1.5125,1.00,1.20
2009.12.31 13:03:39.764,1.5121,1.5125,1.00,3.20
2009.12.31 13:03:39.984,1.5121,1.5125,1.00,4.00
2009.12.31 13:03:40.164,1.51205,1.5125,1.00,3.20
2009.12.31 13:03:40.344,1.51205,1.5125,1.00,1.00
2009.12.31 13:03:41.373,1.5119,1.51235,8.50,2.00
2009.12.31 13:03:41.953,1.5119,1.51235,1.00,5.20
2009.12.31 13:03:42.013,1.51185,1.5123,1.00,2.00
2009.12.31 13:03:42.513,1.5119,1.51225,1.60,2.00
2009.12.31 13:03:42.633,1.51195,1.51225,1.00,2.00
2009.12.31 13:03:42.803,1.512,1.51225,1.00,2.00
2009.12.31 13:03:43.263,1.51195,1.5123,1.00,2.00
2009.12.31 13:03:43.603,1.51195,1.51225,1.00,1.20
2009.12.31 13:03:44.473,1.51195,1.51225,1.00,2.00
2009.12.31 13:03:44.753,1.51195,1.51225,1.00,5.20
2009.12.31 13:03:45.172,1.5119,1.51225,1.00,5.20
2009.12.31 13:03:45.452,1.5119,1.51225,1.60,5.20
2009.12.31 13:03:45.722,1.5119,1.5122,1.60,1.00
2009.12.31 13:03:45.962,1.5119,1.51225,1.60,5.20
2009.12.31 13:03:47.752,1.5119,1.51225,1.70,5.20
2009.12.31 13:03:52.531,1.51195,1.51225,1.00,5.20
2009.12.31 13:03:52.931,1.5119,1.51235,4.20,5.20
2009.12.31 13:03:53.291,1.5119,1.51235,2.50,2.00
2009.12.31 13:03:54.200,1.512,1.51235,1.70,1.00
2009.12.31 13:03:54.950,1.51195,1.5124,2.60,2.00
2009.12.31 13:03:56.330,1.512,1.5124,2.40,1.00
2009.12.31 13:03:57.200,1.51205,1.5124,1.00,1.00
2009.12.31 13:03:57.490,1.5121,1.51245,1.60,1.00
2009.12.31 13:03:57.780,1.51205,1.5125,5.70,4.00
2009.12.31 13:03:58.069,1.5121,1.5125,2.40,1.00
2009.12.31 13:03:59.439,1.5121,1.51245,1.60,1.00
2009.12.31 13:03:59.549,1.5121,1.51245,1.60,1.00
2009.12.31 13:04:01.489,1.5121,1.51245,1.60,5.20
2009.12.31 13:04:02.518,1.512,1.51245,2.90,5.30
2009.12.31 13:04:02.788,1.512,1.51245,2.40,5.30
2009.12.31 13:04:03.008,1.512,1.51245,1.70,1.00
2009.12.31 13:04:03.288,1.512,1.51245,1.00,1.00
2009.12.31 13:04:04.218,1.512,1.51245,1.00,2.00
2009.12.31 13:04:04.548,1.51205,1.51245,1.00,2.00
2009.12.31 13:04:05.707,1.512,1.51245,1.00,2.50
2009.12.31 13:04:05.988,1.512,1.5124,1.00,2.00
2009.12.31 13:04:10.706,1.512,1.51235,1.00,1.00
2009.12.31 13:04:11.896,1.51205,1.51235,1.00,1.00
2009.12.31 13:04:12.176,1.51205,1.5124,1.00,1.00
2009.12.31 13:04:12.416,1.512,1.5124,1.00,1.00
2009.12.31 13:04:12.656,1.51205,1.5124,1.00,1.00
2009.12.31 13:04:12.936,1.51205,1.5124,1.00,1.20
2009.12.31 13:04:14.286,1.51195,1.5124,1.00,1.20
2009.12.31 13:04:15.555,1.51195,1.5124,1.00,1.30
2009.12.31 13:04:26.073,1.51195,1.51235,1.00,2.00
2009.12.31 13:04:27.043,1.51195,1.5123,1.00,1.60
2009.12.31 13:04:27.222,1.5119,1.5123,1.00,1.20
2009.12.31 13:04:43.358,1.51195,1.5123,1.00,1.00
2009.12.31 13:04:44.468,1.5119,1.5123,1.00,1.00
2009.12.31 13:04:45.138,1.51195,1.5123,1.00,1.00
2009.12.31 13:04:46.428,1.5119,1.5123,1.00,1.00
2009.12.31 13:04:46.598,1.51195,1.5123,1.00,1.00
2009.12.31 13:04:46.948,1.5119,1.5123,1.00,1.00
2009.12.31 13:04:49.628,1.51195,1.51235,1.00,1.00
2009.12.31 13:04:55.397,1.512,1.51235,1.00,1.00
2009.12.31 13:04:59.736,1.512,1.5124,1.00,1.00
2009.12.31 13:05:06.786,1.51205,1.5125,1.00,1.00
2009.12.31 13:05:09.214,1.51205,1.5125,1.00,1.00
2009.12.31 13:05:09.274,1.51205,1.5125,1.00,1.00
2009.12.31 13:05:09.804,1.51205,1.5125,1.00,2.00
2009.12.31 13:05:10.043,1.51205,1.5125,1.00,5.20
2009.12.31 13:05:14.362,1.512,1.5125,1.00,5.20
2009.12.31 13:05:14.472,1.512,1.5125,1.00,5.30
2009.12.31 13:05:15.682,1.51205,1.5125,1.70,5.30
2009.12.31 13:05:16.792,1.51205,1.5125,1.60,5.20
2009.12.31 13:05:17.092,1.51205,1.5125,1.70,5.30
2009.12.31 13:05:17.332,1.512,1.5125,1.00,5.30
2009.12.31 13:05:21.691,1.51215,1.5125,1.00,5.20
2009.12.31 13:05:21.801,1.5121,1.51255,1.00,2.00
2009.12.31 13:05:26.579,1.51205,1.5125,1.00,2.40
2009.12.31 13:05:38.288,1.5121,1.51255,1.00,1.00
2009.12.31 13:05:38.637,1.5121,1.51255,1.60,1.00
2009.12.31 13:05:39.396,1.5121,1.51255,1.00,1.00
2009.12.31 13:05:39.626,1.5121,1.51255,1.00,1.00
2009.12.31 13:05:52.364,1.51215,1.51255,1.00,1.00
2009.12.31 13:05:52.713,1.51215,1.5126,2.50,1.00
2009.12.31 13:05:54.393,1.51225,1.51265,1.00,1.20
2009.12.31 13:05:54.793,1.51215,1.5126,6.40,1.00
2009.12.31 13:05:54.843,1.51215,1.5126,4.90,1.00
2009.12.31 13:05:59.961,1.51215,1.51265,4.80,1.00
2009.12.31 13:06:00.202,1.51225,1.51265,1.60,1.00
2009.12.31 13:06:00.551,1.5122,1.5126,1.20,1.00
2009.12.31 13:06:00.851,1.5122,1.51265,1.00,1.00
2009.12.31 13:06:01.201,1.5122,1.51265,1.00,1.00
2009.12.31 13:06:05.930,1.5123,1.51265,2.40,1.00
2009.12.31 13:06:06.210,1.5123,1.5127,2.40,2.00
2009.12.31 13:06:06.510,1.5123,1.51275,2.40,2.00
2009.12.31 13:06:07.380,1.5123,1.51275,2.50,2.00
2009.12.31 13:06:07.620,1.5123,1.51265,1.70,1.00
2009.12.31 13:06:07.859,1.51225,1.51255,1.00,1.60
2009.12.31 13:06:08.090,1.5121,1.5126,2.40,1.60
2009.12.31 13:06:08.549,1.5122,1.51265,1.00,2.40
2009.12.31 13:06:08.849,1.5122,1.51265,1.00,1.20
2009.12.31 13:06:09.009,1.5122,1.51265,1.00,1.00
2009.12.31 13:06:10.369,1.51225,1.51265,1.00,1.00
2009.12.31 13:06:13.488,1.51225,1.5127,1.00,6.80
2009.12.31 13:06:14.058,1.51225,1.51265,1.00,1.00
2009.12.31 13:06:15.098,1.51225,1.51265,1.70,1.00
2009.12.31 13:06:15.318,1.51225,1.5127,1.70,6.90
2009.12.31 13:06:16.298,1.51225,1.5127,1.70,6.10
2009.12.31 13:06:16.518,1.5122,1.5127,7.00,1.70
2009.12.31 13:06:17.657,1.51225,1.5127,2.50,1.70
2009.12.31 13:06:17.937,1.51225,1.51275,4.00,2.10
2009.12.31 13:06:18.177,1.5122,1.51265,3.90,1.00
2009.12.31 13:06:18.407,1.51225,1.5127,1.00,6.90
2009.12.31 13:06:18.747,1.51225,1.5127,2.40,2.10
2009.12.31 13:06:19.627,1.51225,1.5127,2.40,1.00
2009.12.31 13:06:20.887,1.51225,1.51275,3.10,2.30
2009.12.31 13:06:21.186,1.51225,1.5127,2.40,1.00
2009.12.31 13:06:21.827,1.5122,1.5127,6.10,1.60
2009.12.31 13:06:22.056,1.51225,1.5127,2.40,1.60
2009.12.31 13:06:22.176,1.51225,1.51275,4.00,1.00
2009.12.31 13:06:22.296,1.51225,1.51275,4.80,1.00
2009.12.31 13:06:23.006,1.51235,1.51275,1.60,1.00
2009.12.31 13:06:23.356,1.51225,1.5127,1.00,2.80
2009.12.31 13:06:23.716,1.5122,1.5127,1.30,1.00
2009.12.31 13:06:23.946,1.51225,1.5127,1.00,1.00
2009.12.31 13:06:24.227,1.51225,1.5127,1.00,1.00
2009.12.31 13:06:25.365,1.5122,1.51265,3.30,1.00
2009.12.31 13:06:25.665,1.5122,1.51265,2.50,1.00
2009.12.31 13:06:26.235,1.5122,1.51265,1.00,1.00
2009.12.31 13:06:26.406,1.5121,1.5126,2.00,1.00
2009.12.31 13:06:26.585,1.5121,1.5126,1.60,1.00
2009.12.31 13:06:27.445,1.51215,1.5126,1.00,1.00
2009.12.31 13:06:27.735,1.51215,1.5126,2.50,1.00
2009.12.31 13:06:28.575,1.51215,1.5126,1.70,1.00
2009.12.31 13:06:28.865,1.51215,1.5126,2.50,1.00
2009.12.31 13:06:29.104,1.51215,1.5126,1.00,1.00
2009.12.31 13:06:30.184,1.51215,1.5126,2.50,1.00
2009.12.31 13:06:30.515,1.51215,1.51265,3.30,1.00
2009.12.31 13:06:31.034,1.5122,1.51265,1.00,3.20
2009.12.31 13:06:31.744,1.5122,1.5126,1.00,1.00
2009.12.31 13:06:31.864,1.5121,1.5126,1.00,1.00
2009.12.31 13:06:33.063,1.5121,1.5126,1.00,1.00
2009.12.31 13:06:33.663,1.5121,1.51255,1.00,1.00
2009.12.31 13:06:43.711,1.51215,1.5126,1.00,1.00
2009.12.31 13:06:43.931,1.5122,1.5126,2.50,1.00
2009.12.31 13:06:44.406,1.51225,1.51265,1.00,1.00
2009.12.31 13:06:45.101,1.5123,1.5127,1.60,5.30
2009.12.31 13:06:45.680,1.5123,1.51265,1.60,1.00
2009.12.31 13:06:45.970,1.5123,1.51265,1.60,1.00
2009.12.31 13:06:46.250,1.5123,1.5127,1.60,5.30
2009.12.31 13:06:46.810,1.5123,1.51265,1.60,1.00
2009.12.31 13:06:46.980,1.5123,1.5127,1.60,5.30
2009.12.31 13:06:47.900,1.5123,1.51265,1.60,1.00
2009.12.31 13:06:48.240,1.5123,1.5127,1.60,5.30
2009.12.31 13:06:49.960,1.5123,1.51265,1.60,1.00
2009.12.31 13:06:50.879,1.5123,1.5127,1.60,5.30
2009.12.31 13:06:53.089,1.5123,1.51265,1.60,1.00
2009.12.31 13:06:53.799,1.51225,1.51265,1.00,1.00
2009.12.31 13:06:54.778,1.51225,1.51265,1.00,2.00
2009.12.31 13:06:55.658,1.51225,1.51265,1.00,2.00
2009.12.31 13:06:55.938,1.5123,1.51265,1.60,2.00
2009.12.31 13:07:00.467,1.5123,1.51265,1.60,2.00
2009.12.31 13:07:01.328,1.5123,1.5127,1.60,5.30
2009.12.31 13:07:03.176,1.5123,1.5127,1.60,1.00
2009.12.31 13:07:03.356,1.51225,1.5127,1.00,1.00
2009.12.31 13:07:04.056,1.5123,1.5127,1.00,1.00
2009.12.31 13:07:04.276,1.51225,1.5127,4.00,1.00
2009.12.31 13:07:04.399,1.51225,1.5127,3.20,1.00
2009.12.31 13:07:04.736,1.51225,1.5127,2.40,1.00
2009.12.31 13:07:05.906,1.51225,1.51275,2.50,1.00
2009.12.31 13:07:11.884,1.5122,1.5126,2.30,1.00
2009.12.31 13:07:12.064,1.51215,1.5125,1.00,1.00
2009.12.31 13:07:12.224,1.51205,1.5125,1.00,7.10
2009.12.31 13:07:12.394,1.51205,1.51235,1.00,1.00
2009.12.31 13:07:12.624,1.5119,1.5124,1.00,5.20
2009.12.31 13:07:12.804,1.5119,1.51225,1.00,1.00
2009.12.31 13:07:12.984,1.5119,1.51235,1.00,1.00
2009.12.31 13:07:13.144,1.51185,1.51235,3.30,1.00
2009.12.31 13:07:16.593,1.51185,1.5124,3.30,1.00
2009.12.31 13:07:18.852,1.51185,1.51235,3.30,1.00
2009.12.31 13:07:29.630,1.51185,1.51235,2.50,1.00
2009.12.31 13:07:36.489,1.51185,1.51235,2.50,1.60
2009.12.31 13:07:36.608,1.5118,1.51235,2.60,1.60
2009.12.31 13:07:36.768,1.51185,1.5123,1.70,1.00
2009.12.31 13:07:56.084,1.51185,1.5123,1.70,1.60
2009.12.31 13:07:56.254,1.51175,1.5122,3.10,1.00
2009.12.31 13:07:56.434,1.51175,1.5122,2.70,1.00
2009.12.31 13:07:56.674,1.51175,1.5122,1.60,1.00
2009.12.31 13:07:57.024,1.5117,1.5122,1.70,1.00
2009.12.31 13:07:57.254,1.5118,1.5122,1.00,1.00
2009.12.31 13:07:57.973,1.5117,1.5122,1.70,1.00
2009.12.31 13:08:00.232,1.5117,1.51215,1.00,1.00
2009.12.31 13:08:02.362,1.5118,1.51215,1.00,1.00
2009.12.31 13:08:03.232,1.5118,1.5122,1.00,1.00
2009.12.31 13:08:04.562,1.51175,1.5121,1.70,1.00
2009.12.31 13:08:04.681,1.51175,1.5121,1.00,1.00
2009.12.31 13:08:04.842,1.51175,1.51215,1.00,1.00
2009.12.31 13:08:05.022,1.5117,1.51215,1.00,1.00
2009.12.31 13:08:05.132,1.51175,1.51215,1.60,1.00
2009.12.31 13:08:05.531,1.51175,1.5122,1.60,1.00
2009.12.31 13:08:06.521,1.5118,1.5122,1.00,1.00
2009.12.31 13:08:07.351,1.51185,1.5122,1.00,1.00
2009.12.31 13:08:07.531,1.51185,1.5122,1.00,1.00
2009.12.31 13:08:09.020,1.51185,1.51225,1.00,1.00
2009.12.31 13:08:09.200,1.5119,1.51225,1.00,1.00
2009.12.31 13:08:09.370,1.5119,1.51225,1.00,5.20
2009.12.31 13:08:10.420,1.5119,1.51225,1.00,4.00
2009.12.31 13:08:11.100,1.5119,1.51225,1.00,1.00
2009.12.31 13:08:17.389,1.5119,1.5123,1.00,1.00
2009.12.31 13:08:21.328,1.512,1.5123,1.00,1.00
2009.12.31 13:08:21.437,1.512,1.51235,1.00,1.00
2009.12.31 13:08:22.547,1.512,1.51235,1.70,1.00
2009.12.31 13:08:22.877,1.5119,1.5123,1.70,1.00
2009.12.31 13:08:23.547,1.51195,1.5123,1.00,1.00
2009.12.31 13:08:26.266,1.51195,1.5123,1.00,2.40
2009.12.31 13:08:26.426,1.51185,1.51225,2.80,1.00
2009.12.31 13:08:26.537,1.5119,1.51225,1.00,1.00
2009.12.31 13:08:26.876,1.5119,1.5123,1.00,2.00
2009.12.31 13:08:27.286,1.5119,1.51225,1.00,2.00
2009.12.31 13:08:28.036,1.5119,1.51225,1.70,1.00
2009.12.31 13:08:28.446,1.51195,1.5123,1.00,1.00
2009.12.31 13:08:37.064,1.512,1.5124,1.60,1.00
2009.12.31 13:08:37.244,1.5119,1.51235,1.00,1.60
2009.12.31 13:08:37.424,1.5118,1.51225,1.00,1.00
2009.12.31 13:08:38.113,1.51185,1.51225,2.40,1.00
2009.12.31 13:08:38.444,1.5119,1.51225,1.00,1.00
2009.12.31 13:08:40.043,1.51185,1.51225,1.00,1.00
2009.12.31 13:08:40.213,1.5119,1.51225,1.00,1.00
2009.12.31 13:08:41.163,1.51185,1.51225,1.00,1.00
2009.12.31 13:08:43.252,1.51185,1.51225,1.70,1.00
2009.12.31 13:08:43.592,1.51185,1.51225,4.10,1.00
2009.12.31 13:08:51.030,1.5119,1.51225,1.00,1.00
2009.12.31 13:08:51.200,1.51195,1.51225,4.00,1.00
2009.12.31 13:08:51.370,1.51195,1.5123,4.00,1.00
2009.12.31 13:08:51.541,1.51195,1.5123,4.00,1.00
2009.12.31 13:08:52.920,1.51195,1.51235,4.10,1.00
2009.12.31 13:08:55.569,1.51195,1.51235,4.00,1.00
2009.12.31 13:08:55.739,1.51195,1.51235,4.10,1.00
2009.12.31 13:08:56.619,1.51195,1.5124,4.00,5.40
2009.12.31 13:08:59.468,1.51195,1.51235,4.10,1.00
2009.12.31 13:09:00.618,1.51195,1.51235,2.50,1.00
2009.12.31 13:09:00.728,1.51195,1.51235,1.70,1.00
2009.12.31 13:09:00.838,1.51195,1.51235,1.60,1.00
2009.12.31 13:09:03.008,1.51195,1.51235,4.10,1.00
2009.12.31 13:09:05.157,1.51205,1.51235,1.00,1.00
2009.12.31 13:09:05.278,1.51205,1.51235,2.40,1.00
2009.12.31 13:09:05.338,1.51205,1.5124,2.90,1.00
2009.12.31 13:09:05.397,1.51205,1.51245,2.90,1.00
2009.12.31 13:09:05.497,1.5121,1.51245,1.00,1.00
2009.12.31 13:09:05.777,1.5121,1.5125,1.30,1.00
2009.12.31 13:09:09.697,1.51205,1.51245,4.50,1.00
2009.12.31 13:09:09.876,1.5121,1.5125,1.30,1.00
2009.12.31 13:09:10.856,1.51215,1.5125,1.60,1.00
2009.12.31 13:09:11.016,1.51215,1.5125,2.40,1.00
2009.12.31 13:09:11.126,1.51215,1.5125,2.90,1.00
2009.12.31 13:09:11.236,1.51215,1.51255,4.50,1.00
2009.12.31 13:09:18.834,1.51215,1.51255,3.70,1.00
2009.12.31 13:09:19.174,1.5121,1.51255,1.50,1.00
2009.12.31 13:09:22.043,1.51215,1.51255,3.10,1.00
2009.12.31 13:09:22.213,1.51215,1.51255,1.60,1.00
2009.12.31 13:09:22.433,1.5121,1.51255,1.50,1.00
2009.12.31 13:09:23.243,1.51215,1.51255,1.00,1.00
2009.12.31 13:09:23.833,1.51215,1.5126,2.10,5.30
2009.12.31 13:09:24.183,1.5121,1.5126,1.50,1.00
2009.12.31 13:09:25.392,1.51215,1.5126,1.00,1.00
2009.12.31 13:09:26.382,1.51215,1.5126,1.60,1.00
2009.12.31 13:09:26.492,1.51215,1.5126,1.70,1.00
2009.12.31 13:09:58.874,1.51225,1.5126,1.00,1.00
2009.12.31 13:10:03.243,1.51225,1.51265,1.00,2.00
2009.12.31 13:10:03.893,1.51215,1.5126,1.70,1.00
2009.12.31 13:10:04.063,1.5121,1.5125,1.00,1.60
2009.12.31 13:10:04.233,1.5121,1.51255,1.70,6.80
2009.12.31 13:10:04.413,1.51215,1.51255,1.60,5.20
2009.12.31 13:10:05.582,1.51215,1.51255,1.70,5.20
2009.12.31 13:10:10.151,1.51215,1.51235,1.60,1.00
2009.12.31 13:10:10.321,1.5119,1.51215,1.00,2.00
2009.12.31 13:10:10.611,1.5117,1.5121,1.00,1.00
2009.12.31 13:10:10.951,1.51175,1.5121,1.00,1.00
2009.12.31 13:10:11.191,1.51175,1.5121,1.00,1.00
2009.12.31 13:10:12.521,1.5118,1.5121,1.00,1.00
2009.12.31 13:10:13.330,1.5118,1.5121,1.00,1.00
2009.12.31 13:10:17.230,1.5116,1.512,1.00,1.00
2009.12.31 13:10:17.450,1.5116,1.512,2.30,1.00
2009.12.31 13:10:18.429,1.5117,1.512,1.00,1.00
2009.12.31 13:10:22.179,1.51175,1.512,1.00,1.00
2009.12.31 13:10:22.299,1.5117,1.51205,1.00,1.00
2009.12.31 13:10:35.955,1.51175,1.51215,1.00,2.00
2009.12.31 13:10:39.824,1.5118,1.5122,4.20,1.00
2009.12.31 13:10:41.824,1.51185,1.5122,1.00,1.00
2009.12.31 13:10:42.224,1.51185,1.51225,2.40,1.00
2009.12.31 13:10:44.004,1.51185,1.51225,1.60,1.00
2009.12.31 13:10:44.233,1.5118,1.51225,4.20,1.00
2009.12.31 13:10:46.533,1.5118,1.51225,2.80,1.00
2009.12.31 13:10:46.833,1.51175,1.5122,1.70,5.30
2009.12.31 13:10:47.063,1.51175,1.51215,1.00,1.00
2009.12.31 13:10:47.362,1.51175,1.51215,2.50,1.00
2009.12.31 13:10:47.642,1.51185,1.5122,1.00,1.00
2009.12.31 13:10:47.982,1.51195,1.5122,1.00,1.00
2009.12.31 13:10:48.452,1.51195,1.51225,1.00,1.00
2009.12.31 13:10:49.302,1.51195,1.5123,1.00,2.00
2009.12.31 13:10:50.002,1.51195,1.51225,1.00,1.00
2009.12.31 13:10:50.122,1.51195,1.5123,1.00,1.00
2009.12.31 13:10:50.412,1.51185,1.5123,1.00,1.00
2009.12.31 13:10:50.632,1.51195,1.5123,1.00,1.00
2009.12.31 13:10:50.861,1.51185,1.5123,1.00,1.00
2009.12.31 13:10:51.501,1.51195,1.5123,1.00,1.00
2009.12.31 13:10:55.051,1.51195,1.51215,1.00,1.00
2009.12.31 13:10:55.171,1.5118,1.51205,1.00,1.00
2009.12.31 13:10:55.351,1.51175,1.51205,2.00,1.00
2009.12.31 13:10:55.530,1.5118,1.51205,1.00,1.00
2009.12.31 13:10:56.211,1.5117,1.5121,1.00,6.70
2009.12.31 13:10:56.561,1.5117,1.51205,1.00,2.30
2009.12.31 13:10:56.920,1.5116,1.512,1.00,1.00
2009.12.31 13:10:57.550,1.5117,1.51205,1.00,1.00
2009.12.31 13:10:58.130,1.5117,1.51205,1.00,1.60
2009.12.31 13:10:58.820,1.51165,1.512,1.00,1.00
2009.12.31 13:10:59.170,1.51165,1.512,1.00,1.60
2009.12.31 13:10:59.819,1.51165,1.512,1.00,1.00
2009.12.31 13:11:00.939,1.5117,1.512,1.00,2.40
2009.12.31 13:11:01.179,1.5117,1.512,1.00,1.00
2009.12.31 13:11:01.449,1.5117,1.512,1.00,1.00
2009.12.31 13:11:01.749,1.5118,1.51215,1.60,2.40
2009.12.31 13:11:02.029,1.5118,1.51215,1.60,2.00
2009.12.31 13:11:02.549,1.51185,1.51215,1.60,1.00
2009.12.31 13:11:02.839,1.51185,1.5122,1.60,1.00
2009.12.31 13:11:03.069,1.51185,1.51225,1.60,2.00
2009.12.31 13:11:03.408,1.5119,1.51225,1.00,2.00
2009.12.31 13:11:03.748,1.51185,1.51225,1.70,2.00
2009.12.31 13:11:04.338,1.51195,1.51225,1.00,2.00
2009.12.31 13:11:04.518,1.5119,1.51225,1.00,2.00
2009.12.31 13:11:05.818,1.51195,1.51225,1.90,2.00
2009.12.31 13:11:05.988,1.512,1.5123,1.00,2.00
2009.12.31 13:11:25.949,1.51195,1.51235,1.00,1.00
2009.12.31 13:11:32.641,1.512,1.51235,1.00,1.00
2009.12.31 13:11:32.702,1.512,1.51235,1.70,1.00
2009.12.31 13:11:32.931,1.512,1.5124,1.70,5.20
2009.12.31 13:11:33.041,1.51195,1.5123,1.00,1.20
2009.12.31 13:11:33.152,1.5119,1.5123,1.70,1.20
2009.12.31 13:11:33.271,1.5119,1.5123,1.70,2.00
2009.12.31 13:11:33.381,1.5119,1.5123,2.50,1.00
2009.12.31 13:11:33.721,1.51195,1.51235,1.00,2.00
2009.12.31 13:11:39.780,1.512,1.51235,1.60,2.00
2009.12.31 13:11:39.940,1.512,1.51235,1.70,2.00
2009.12.31 13:11:40.050,1.512,1.5124,1.70,2.00
2009.12.31 13:11:40.470,1.512,1.5124,3.10,2.00
2009.12.31 13:11:40.579,1.5121,1.51245,1.00,1.00
2009.12.31 13:11:41.089,1.51205,1.51255,2.30,1.00
2009.12.31 13:11:41.489,1.5121,1.51255,2.30,1.00
2009.12.31 13:11:41.779,1.5121,1.5126,2.30,1.00
2009.12.31 13:11:42.079,1.51215,1.5126,2.80,1.00
2009.12.31 13:11:42.379,1.5122,1.5126,1.00,1.00
2009.12.31 13:11:43.479,1.51225,1.5126,1.00,1.00
2009.12.31 13:11:43.699,1.51225,1.51265,1.00,1.00
2009.12.31 13:11:45.909,1.51215,1.51265,5.60,1.00
2009.12.31 13:11:45.968,1.51215,1.51265,4.00,1.00
2009.12.31 13:11:46.019,1.51215,1.51265,1.30,1.00
2009.12.31 13:11:46.128,1.51215,1.51265,1.00,1.00
2009.12.31 13:11:46.188,1.51215,1.5126,1.00,1.00
2009.12.31 13:11:46.889,1.5121,1.51255,1.00,1.00
2009.12.31 13:11:47.178,1.5121,1.51255,1.00,1.00
2009.12.31 13:11:47.468,1.5122,1.5126,1.00,1.00
2009.12.31 13:11:49.677,1.5122,1.5125,1.00,1.00
2009.12.31 13:11:49.908,1.5121,1.5125,1.60,1.00
2009.12.31 13:11:50.178,1.5121,1.5125,1.60,5.20
2009.12.31 13:11:50.867,1.5121,1.5125,1.60,6.00
2009.12.31 13:11:51.097,1.512,1.51245,1.00,6.00
2009.12.31 13:11:51.327,1.512,1.51245,1.00,1.00
2009.12.31 13:11:51.557,1.512,1.51245,1.00,1.00
2009.12.31 13:11:51.917,1.512,1.5124,1.00,1.00
2009.12.31 13:11:52.257,1.51195,1.5124,1.70,1.00
2009.12.31 13:11:52.657,1.512,1.5124,1.00,2.00
2009.12.31 13:11:52.836,1.512,1.5124,1.00,1.00
2009.12.31 13:11:53.906,1.5121,1.5124,1.00,1.00
2009.12.31 13:11:54.126,1.5121,1.5125,1.00,5.20
2009.12.31 13:11:55.866,1.51205,1.5125,1.00,5.30
2009.12.31 13:11:56.106,1.5121,1.5125,1.00,1.00
2009.12.31 13:11:56.446,1.5121,1.5125,1.00,1.00
2009.12.31 13:11:56.796,1.5121,1.5125,1.60,1.00
2009.12.31 13:11:57.146,1.5121,1.5125,2.50,1.00
2009.12.31 13:11:57.316,1.5121,1.5126,2.50,1.00
2009.12.31 13:11:57.825,1.5121,1.5126,3.30,1.00
2009.12.31 13:11:59.085,1.51215,1.51255,1.00,1.60
2009.12.31 13:12:05.714,1.5121,1.51255,2.90,1.70
2009.12.31 13:12:06.933,1.5121,1.51255,2.90,1.60
2009.12.31 13:12:07.543,1.5121,1.5126,2.90,1.00
2009.12.31 13:12:07.773,1.5121,1.5126,2.50,1.00
2009.12.31 13:12:14.851,1.51215,1.51255,1.00,1.00
2009.12.31 13:12:15.091,1.5122,1.51255,1.60,1.00
2009.12.31 13:12:26.649,1.5122,1.51265,2.40,2.50
2009.12.31 13:12:26.948,1.5122,1.51265,2.40,1.00
2009.12.31 13:12:29.368,1.5122,1.51255,2.40,1.00
2009.12.31 13:12:29.548,1.51215,1.51255,5.10,1.00
2009.12.31 13:12:29.718,1.51215,1.5126,1.00,1.00
2009.12.31 13:12:30.058,1.5121,1.5126,2.50,2.10
2009.12.31 13:12:32.447,1.5121,1.51255,1.70,1.30
2009.12.31 13:12:32.677,1.5121,1.51255,1.70,2.90
2009.12.31 13:12:33.027,1.5121,1.51255,1.70,3.70
2009.12.31 13:12:36.056,1.51205,1.5125,1.60,2.10
2009.12.31 13:12:36.416,1.512,1.5124,1.00,1.00
2009.12.31 13:12:36.586,1.51205,1.5124,1.00,1.00
2009.12.31 13:12:36.766,1.512,1.5124,1.00,1.60
2009.12.31 13:12:37.096,1.51195,1.5124,2.00,1.60
2009.12.31 13:12:37.446,1.51195,1.51235,1.70,1.00
2009.12.31 13:12:39.175,1.51205,1.51235,1.00,1.00
2009.12.31 13:12:39.556,1.51205,1.5124,1.00,2.00
2009.12.31 13:12:39.915,1.51205,1.51245,1.00,1.00
2009.12.31 13:12:40.035,1.5121,1.51245,1.00,1.00
2009.12.31 13:12:42.145,1.5121,1.5125,1.70,2.00
2009.12.31 13:12:45.424,1.5121,1.5125,1.60,2.10
2009.12.31 13:12:45.594,1.5121,1.5125,1.70,2.00
2009.12.31 13:12:45.934,1.512,1.51245,1.00,1.00
2009.12.31 13:12:46.104,1.512,1.51245,1.00,2.00
2009.12.31 13:12:46.224,1.512,1.5124,1.00,1.00
2009.12.31 13:12:46.384,1.51195,1.5124,2.80,1.00
2009.12.31 13:12:46.563,1.512,1.5124,1.00,1.00
2009.12.31 13:12:47.193,1.51195,1.5124,2.90,1.00
2009.12.31 13:12:51.342,1.51195,1.5124,1.00,1.00
2009.12.31 13:12:51.512,1.51195,1.51235,1.00,1.00
2009.12.31 13:12:58.341,1.5119,1.51235,1.00,1.00
2009.12.31 13:12:58.511,1.5119,1.51235,1.00,1.00
2009.12.31 13:12:59.560,1.5119,1.5123,1.00,1.00
2009.12.31 13:13:02.780,1.51195,1.5123,1.00,1.00
2009.12.31 13:13:03.010,1.51195,1.5123,1.00,1.00
2009.12.31 13:13:03.479,1.51195,1.51235,1.00,1.00
2009.12.31 13:13:13.007,1.51195,1.51235,1.00,1.00
2009.12.31 13:13:13.347,1.51195,1.5124,2.90,1.00
2009.12.31 13:13:15.757,1.512,1.5124,1.00,1.00
2009.12.31 13:13:18.236,1.512,1.5124,1.00,1.00
2009.12.31 13:13:18.756,1.51205,1.5125,1.00,1.00
2009.12.31 13:13:19.446,1.51205,1.5125,2.90,1.00
2009.12.31 13:13:19.746,1.51205,1.5125,4.00,1.00
2009.12.31 13:13:35.512,1.51205,1.51245,3.90,1.00
2009.12.31 13:13:35.672,1.51205,1.51245,1.10,1.30
2009.12.31 13:13:35.792,1.512,1.51245,1.00,1.20
2009.12.31 13:13:35.914,1.512,1.51245,1.00,1.00
2009.12.31 13:13:37.112,1.512,1.5124,1.00,1.00
2009.12.31 13:13:40.101,1.5119,1.51235,1.00,2.10
2009.12.31 13:13:40.441,1.5119,1.5123,1.00,1.00
2009.12.31 13:13:42.631,1.512,1.5123,1.00,1.00
2009.12.31 13:13:42.860,1.51195,1.5124,1.00,1.90
2009.12.31 13:13:42.970,1.51195,1.5124,1.00,1.00
2009.12.31 13:13:45.509,1.512,1.5124,1.60,1.00
2009.12.31 13:13:46.079,1.51195,1.5124,2.40,1.00
2009.12.31 13:13:46.309,1.51195,1.5124,1.00,1.00
2009.12.31 13:13:46.549,1.512,1.5124,1.00,1.00
2009.12.31 13:13:46.909,1.512,1.51245,1.00,2.10
2009.12.31 13:13:50.618,1.51215,1.51245,1.00,2.10
2009.12.31 13:13:50.678,1.51215,1.51245,1.00,2.00
2009.12.31 13:13:50.858,1.51215,1.51245,2.40,1.00
2009.12.31 13:13:51.028,1.51225,1.5126,2.40,1.00
2009.12.31 13:13:51.368,1.51225,1.5126,4.80,1.00
2009.12.31 13:13:51.548,1.51225,1.51275,4.80,1.00
2009.12.31 13:13:52.128,1.51225,1.51275,4.80,1.00
2009.12.31 13:13:52.298,1.5123,1.51275,1.00,1.00
2009.12.31 13:13:52.478,1.51225,1.51275,4.90,1.00
2009.12.31 13:13:52.858,1.5123,1.51275,1.00,1.00
2009.12.31 13:13:53.377,1.51235,1.51275,1.00,1.00
2009.12.31 13:13:53.658,1.5123,1.51275,1.00,1.00
2009.12.31 13:14:00.986,1.5123,1.51275,1.00,1.00
2009.12.31 13:14:01.156,1.5123,1.51275,1.00,1.60
2009.12.31 13:14:03.235,1.5123,1.51275,1.00,1.00
2009.12.31 13:14:03.345,1.5123,1.51275,1.00,1.60
2009.12.31 13:14:06.824,1.5123,1.51275,1.00,1.00
2009.12.31 13:14:10.433,1.5123,1.51275,1.00,1.00
2009.12.31 13:14:10.614,1.5123,1.51275,1.00,1.00
2009.12.31 13:14:12.973,1.5123,1.51275,1.60,1.00
2009.12.31 13:14:13.153,1.5124,1.5128,1.60,1.00
2009.12.31 13:14:13.383,1.5123,1.51275,4.30,1.00
2009.12.31 13:14:13.623,1.51225,1.51275,10.30,1.00
2009.12.31 13:14:13.963,1.5123,1.5128,1.70,1.00
2009.12.31 13:14:14.672,1.5123,1.5127,1.00,1.00
2009.12.31 13:14:15.423,1.5124,1.5128,1.00,1.00
2009.12.31 13:14:15.712,1.5124,1.5127,4.30,1.00
2009.12.31 13:14:16.292,1.5124,1.51275,1.00,1.00
2009.12.31 13:14:16.472,1.5124,1.51275,1.60,1.00
2009.12.31 13:14:18.422,1.51235,1.5127,1.00,1.70
2009.12.31 13:14:18.592,1.5123,1.5127,1.10,1.70
2009.12.31 13:14:20.051,1.5123,1.5127,1.90,1.60
2009.12.31 13:14:20.271,1.51235,1.5128,5.90,1.00
2009.12.31 13:14:20.631,1.51235,1.5128,5.90,1.00
2009.12.31 13:14:21.831,1.51235,1.51275,2.40,1.00
2009.12.31 13:14:23.480,1.51235,1.5127,2.40,1.00
2009.12.31 13:14:24.290,1.51235,1.51275,2.40,1.00
2009.12.31 13:14:26.890,1.51235,1.5127,1.00,1.00
2009.12.31 13:14:29.039,1.51235,1.51275,4.30,1.60
2009.12.31 13:14:29.339,1.51235,1.5127,4.30,1.00
2009.12.31 13:14:29.969,1.5124,1.51275,3.50,1.00
2009.12.31 13:14:30.269,1.5124,1.51285,5.90,1.00
2009.12.31 13:14:30.549,1.51245,1.51285,5.10,1.00
2009.12.31 13:14:30.839,1.5125,1.51285,1.60,1.00
2009.12.31 13:14:31.138,1.5125,1.51285,5.90,1.00
2009.12.31 13:14:31.768,1.5125,1.51285,1.00,2.70
2009.12.31 13:14:32.058,1.51245,1.51285,1.10,1.60
2009.12.31 13:14:32.408,1.51245,1.5129,4.30,3.20
2009.12.31 13:14:33.459,1.51245,1.51285,4.30,1.00
2009.12.31 13:14:33.849,1.5125,1.51285,4.30,1.00
2009.12.31 13:14:34.528,1.5125,1.5129,5.90,1.00
2009.12.31 13:14:34.817,1.5126,1.5129,5.90,1.00
2009.12.31 13:14:37.207,1.51265,1.5129,3.50,1.00
2009.12.31 13:14:37.597,1.5127,1.513,3.50,1.00
2009.12.31 13:14:37.777,1.51275,1.5131,1.00,1.00
2009.12.31 13:14:39.686,1.51275,1.51305,1.00,1.00
2009.12.31 13:14:41.196,1.51275,1.51315,1.00,1.00
2009.12.31 13:14:42.636,1.51285,1.51315,1.00,1.00
2009.12.31 13:14:42.985,1.51295,1.5133,1.60,1.00
2009.12.31 13:14:43.216,1.51295,1.5132,1.60,1.00
2009.12.31 13:14:43.506,1.5129,1.51325,1.10,1.00
2009.12.31 13:14:43.746,1.5129,1.51325,1.00,1.00
2009.12.31 13:14:43.976,1.5128,1.51325,1.00,1.00
2009.12.31 13:14:45.175,1.5128,1.5132,1.00,1.00
2009.12.31 13:14:45.355,1.5128,1.51315,1.00,1.00
2009.12.31 13:14:46.725,1.51285,1.51315,1.60,1.00
2009.12.31 13:14:47.005,1.51285,1.51315,1.90,1.00
2009.12.31 13:14:47.225,1.51285,1.51315,2.70,1.00
2009.12.31 13:14:47.914,1.51285,1.51315,2.70,1.00
2009.12.31 13:14:48.084,1.51285,1.51315,1.00,1.00
2009.12.31 13:14:48.605,1.51285,1.5132,1.00,1.00
2009.12.31 13:14:49.014,1.5128,1.51315,1.10,1.60
2009.12.31 13:14:51.203,1.5128,1.51315,1.10,1.70
2009.12.31 13:14:51.733,1.51285,1.51325,1.60,1.00
2009.12.31 13:14:52.004,1.51285,1.5133,4.30,1.70
2009.12.31 13:14:52.423,1.51285,1.51325,4.30,1.60
2009.12.31 13:14:53.523,1.51285,1.5133,5.90,1.70
2009.12.31 13:14:53.873,1.5129,1.5132,1.10,1.00
2009.12.31 13:14:54.223,1.51285,1.5133,7.50,1.70
2009.12.31 13:14:54.623,1.5129,1.5133,5.10,1.00
2009.12.31 13:14:54.983,1.51295,1.5133,1.60,1.00
2009.12.31 13:14:55.263,1.51295,1.51325,1.00,1.00
2009.12.31 13:14:55.503,1.51295,1.5133,1.00,1.70
2009.12.31 13:14:55.803,1.51285,1.5133,6.10,1.70
2009.12.31 13:14:56.732,1.51285,1.5132,1.00,1.60
2009.12.31 13:14:57.092,1.5128,1.5131,3.50,1.60
2009.12.31 13:14:57.322,1.5128,1.5131,4.30,1.60
2009.12.31 13:14:57.602,1.5128,1.5132,4.50,1.60
2009.12.31 13:14:58.062,1.5128,1.5131,4.30,1.60
2009.12.31 13:14:58.412,1.51275,1.51305,1.10,1.00
2009.12.31 13:14:58.762,1.51275,1.5131,1.10,1.70
2009.12.31 13:14:59.152,1.51275,1.513,1.00,1.60
2009.12.31 13:14:59.492,1.5127,1.5131,4.50,1.60
2009.12.31 13:14:59.892,1.51275,1.51315,1.00,1.60
2009.12.31 13:15:00.242,1.51275,1.51325,1.60,8.60
2009.12.31 13:15:00.462,1.51285,1.51325,1.60,6.70
2009.12.31 13:15:01.151,1.51285,1.51325,1.90,1.20
2009.12.31 13:15:01.381,1.51285,1.5132,1.10,1.00
2009.12.31 13:15:01.732,1.51285,1.5132,1.00,1.00
2009.12.31 13:15:02.071,1.51285,1.51315,1.00,1.00
2009.12.31 13:15:02.361,1.51285,1.5132,1.00,3.60
2009.12.31 13:15:02.681,1.5129,1.5132,1.00,2.40
2009.12.31 13:15:02.971,1.51295,1.5132,1.00,1.00
2009.12.31 13:15:03.211,1.51295,1.5132,1.90,1.00
2009.12.31 13:15:03.511,1.51295,1.5132,6.70,1.00
2009.12.31 13:15:03.851,1.51295,1.51325,4.30,1.00
2009.12.31 13:15:04.250,1.5129,1.51325,1.00,1.00
2009.12.31 13:15:05.250,1.51285,1.5132,3.20,1.00
2009.12.31 13:15:06.330,1.51285,1.5132,1.60,1.00
2009.12.31 13:15:06.970,1.51285,1.5132,3.20,1.00
2009.12.31 13:15:07.320,1.51285,1.5132,1.60,1.00
2009.12.31 13:15:09.209,1.51285,1.5132,3.20,1.00
2009.12.31 13:15:09.439,1.51285,1.5132,1.60,1.00
2009.12.31 13:15:09.719,1.51295,1.5132,1.60,1.00
2009.12.31 13:15:09.959,1.51285,1.5132,4.80,1.00
2009.12.31 13:15:10.189,1.513,1.5133,1.60,1.00
2009.12.31 13:15:10.419,1.51295,1.5133,1.60,1.00
2009.12.31 13:15:11.239,1.51285,1.5133,5.20,1.00
2009.12.31 13:15:11.529,1.51285,1.5133,4.80,1.00
2009.12.31 13:15:12.218,1.5129,1.5133,1.00,1.00
2009.12.31 13:15:12.799,1.51305,1.5133,1.60,1.00
2009.12.31 13:15:13.298,1.51305,1.5133,1.60,1.00
2009.12.31 13:15:13.468,1.51305,1.5133,1.60,1.00
2009.12.31 13:15:15.868,1.513,1.5133,1.60,1.00
2009.12.31 13:15:15.978,1.513,1.5134,1.60,1.00
2009.12.31 13:15:16.088,1.51295,1.51325,2.40,1.00
2009.12.31 13:15:16.248,1.5129,1.51325,1.00,1.00
2009.12.31 13:15:16.368,1.5128,1.5133,4.00,1.00
2009.12.31 13:15:16.488,1.51275,1.5133,1.00,1.00
2009.12.31 13:15:16.608,1.5127,1.5133,2.00,1.00
2009.12.31 13:15:16.787,1.51275,1.5132,1.60,1.00
2009.12.31 13:15:17.008,1.51275,1.5133,1.60,1.00
2009.12.31 13:15:17.347,1.51265,1.5131,4.70,1.00
2009.12.31 13:15:17.698,1.51265,1.5131,3.20,1.00
2009.12.31 13:15:19.237,1.5127,1.5131,1.00,1.00
2009.12.31 13:15:19.537,1.5127,1.51315,1.00,1.00
2009.12.31 13:15:21.086,1.5127,1.5132,2.70,1.00
2009.12.31 13:15:21.706,1.5127,1.51315,1.00,1.00
2009.12.31 13:15:21.986,1.51265,1.5131,3.20,1.00
2009.12.31 13:15:22.906,1.51265,1.5131,1.60,1.00
2009.12.31 13:15:23.196,1.51265,1.51305,1.60,1.00
2009.12.31 13:15:23.426,1.51265,1.51305,2.40,1.00
2009.12.31 13:15:23.536,1.51265,1.513,1.60,1.00
2009.12.31 13:15:23.716,1.51265,1.5131,2.40,1.00
2009.12.31 13:15:24.066,1.51265,1.5131,2.80,1.00
2009.12.31 13:15:25.575,1.5127,1.5131,2.50,1.00
2009.12.31 13:15:25.806,1.5127,1.51315,2.90,1.00
2009.12.31 13:15:26.795,1.51275,1.51315,1.00,1.00
2009.12.31 13:15:26.966,1.5128,1.51315,1.00,1.00
2009.12.31 13:15:27.075,1.51275,1.51315,1.20,1.00
2009.12.31 13:15:27.775,1.51275,1.5132,1.20,1.00
2009.12.31 13:15:32.284,1.51275,1.51315,2.40,1.00
2009.12.31 13:15:32.624,1.51275,1.51315,3.20,1.00
2009.12.31 13:15:34.983,1.51275,1.5132,1.60,1.00
2009.12.31 13:15:35.153,1.5128,1.5131,1.60,1.00
2009.12.31 13:15:35.313,1.5128,1.51315,1.00,1.00
2009.12.31 13:15:35.643,1.51275,1.51315,3.60,1.00
2009.12.31 13:15:35.823,1.51275,1.5132,3.60,1.00
2009.12.31 13:15:37.042,1.51275,1.5132,1.00,1.00
2009.12.31 13:15:37.513,1.51275,1.5131,1.00,1.00
2009.12.31 13:15:37.632,1.51275,1.5131,1.00,1.00
2009.12.31 13:15:37.863,1.5127,1.5131,1.00,1.00
2009.12.31 13:15:37.983,1.51265,1.5131,3.60,1.00
2009.12.31 13:15:39.862,1.51265,1.51305,2.80,1.00
2009.12.31 13:15:40.042,1.51265,1.51305,2.40,1.00
2009.12.31 13:15:40.212,1.51265,1.5131,3.20,1.00
2009.12.31 13:15:40.392,1.51265,1.5131,3.60,1.00
2009.12.31 13:15:40.572,1.5127,1.5131,1.00,1.00
2009.12.31 13:15:41.312,1.51265,1.51305,2.80,1.00
2009.12.31 13:15:41.491,1.51265,1.5131,2.40,1.00
2009.12.31 13:15:41.711,1.51265,1.51305,2.40,1.00
2009.12.31 13:15:42.171,1.51265,1.51305,1.60,1.00
2009.12.31 13:15:48.060,1.51265,1.5131,2.80,1.00
2009.12.31 13:16:03.416,1.5127,1.51315,3.70,1.00
2009.12.31 13:16:04.516,1.5127,1.5131,3.60,1.00
2009.12.31 13:16:05.096,1.5128,1.5132,4.00,1.00
2009.12.31 13:16:05.276,1.51285,1.51315,1.00,1.00
2009.12.31 13:16:05.906,1.51285,1.5132,1.00,1.00
2009.12.31 13:16:06.126,1.5128,1.5132,1.60,1.00
2009.12.31 13:16:08.755,1.5128,1.51315,1.00,1.00
2009.12.31 13:16:15.033,1.51275,1.51315,3.20,1.00
2009.12.31 13:16:15.203,1.51275,1.51315,2.40,1.00
2009.12.31 13:16:15.373,1.51275,1.51315,1.00,1.00
2009.12.31 13:16:15.543,1.51275,1.5131,1.00,1.00
2009.12.31 13:16:15.723,1.51275,1.51315,1.00,1.00
2009.12.31 13:16:16.343,1.51275,1.5131,1.00,1.00
2009.12.31 13:16:16.853,1.51275,1.51315,1.00,1.00
2009.12.31 13:16:17.553,1.51275,1.5131,1.00,1.00
2009.12.31 13:16:17.613,1.51275,1.51315,1.00,1.00
2009.12.31 13:16:19.802,1.51275,1.51315,2.40,1.00
2009.12.31 13:16:20.892,1.51275,1.5131,2.40,1.00
2009.12.31 13:16:21.632,1.51275,1.51315,2.40,1.00
2009.12.31 13:16:23.601,1.51275,1.5131,2.40,1.00
2009.12.31 13:16:24.171,1.51275,1.51315,2.40,1.00
2009.12.31 13:16:25.451,1.51275,1.5131,2.40,1.00
2009.12.31 13:16:26.041,1.51275,1.51315,2.40,1.00
2009.12.31 13:16:26.851,1.51275,1.5131,1.00,1.00
2009.12.31 13:16:27.090,1.5127,1.5131,1.00,1.00
2009.12.31 13:16:27.310,1.51265,1.5131,3.60,1.00
2009.12.31 13:16:32.709,1.51265,1.5131,2.80,1.00
2009.12.31 13:16:32.879,1.51265,1.5131,1.20,1.00
2009.12.31 13:16:32.999,1.51255,1.51305,5.60,1.60
2009.12.31 13:16:33.279,1.51255,1.51305,2.40,2.80
2009.12.31 13:16:33.569,1.51255,1.51295,1.60,1.00
2009.12.31 13:16:33.809,1.51255,1.513,1.60,1.00
2009.12.31 13:16:34.039,1.51255,1.51305,1.60,1.00
2009.12.31 13:16:34.389,1.51255,1.51295,1.60,1.00
2009.12.31 13:16:34.739,1.51255,1.513,2.40,1.00
2009.12.31 13:16:38.048,1.51255,1.5129,1.00,1.00
2009.12.31 13:16:38.218,1.5125,1.5129,1.00,1.00
2009.12.31 13:16:39.827,1.51245,1.5129,2.50,1.00
2009.12.31 13:16:40.048,1.51245,1.51295,2.50,4.80
2009.12.31 13:16:40.217,1.51245,1.5129,2.50,1.00
2009.12.31 13:16:40.397,1.51245,1.51295,2.50,1.00
2009.12.31 13:16:40.617,1.51245,1.51295,2.50,2.00
2009.12.31 13:16:40.787,1.51245,1.51295,2.50,1.00
2009.12.31 13:16:42.487,1.51245,1.51285,2.40,1.00
2009.12.31 13:16:42.707,1.51245,1.5129,3.70,1.00
2009.12.31 13:16:42.927,1.51245,1.5129,5.30,1.00
2009.12.31 13:16:43.108,1.51245,1.5129,3.70,1.00
2009.12.31 13:16:43.167,1.51245,1.51285,1.00,1.60
2009.12.31 13:16:43.227,1.51245,1.5128,1.00,1.00
2009.12.31 13:16:43.287,1.51245,1.5128,1.00,2.40
2009.12.31 13:16:43.347,1.51245,1.5128,1.00,3.60
2009.12.31 13:16:43.977,1.51245,1.5128,1.00,4.00
2009.12.31 13:16:44.336,1.51245,1.51285,2.40,1.00
2009.12.31 13:16:45.066,1.51245,1.5128,2.40,1.00
2009.12.31 13:16:45.366,1.51245,1.5128,4.00,1.00
2009.12.31 13:16:45.666,1.51245,1.5129,4.40,1.00
2009.12.31 13:16:46.346,1.51245,1.5129,4.50,1.00
2009.12.31 13:16:46.736,1.51245,1.5129,5.30,1.00
2009.12.31 13:16:47.246,1.51245,1.51295,5.20,1.00
2009.12.31 13:16:47.466,1.5125,1.51295,1.20,1.00
2009.12.31 13:16:47.646,1.51245,1.51295,10.00,1.00
2009.12.31 13:17:11.960,1.5125,1.51295,1.00,1.00
2009.12.31 13:17:12.140,1.5125,1.513,1.00,3.20
2009.12.31 13:17:12.300,1.51245,1.51295,1.00,1.00
2009.12.31 13:17:12.470,1.51245,1.51295,2.50,1.00
2009.12.31 13:17:13.480,1.51245,1.51285,1.00,1.00
2009.12.31 13:17:14.299,1.5124,1.51285,1.00,3.90
2009.12.31 13:17:14.579,1.5124,1.51285,1.00,2.00
2009.12.31 13:17:15.599,1.51245,1.51285,1.00,2.00
2009.12.31 13:17:18.238,1.51235,1.51285,4.10,2.80
2009.12.31 13:17:18.358,1.51235,1.51285,1.70,7.60
2009.12.31 13:17:18.518,1.5123,1.51275,4.50,1.60
2009.12.31 13:17:18.688,1.5123,1.51275,1.00,1.60
2009.12.31 13:17:19.018,1.51235,1.5128,1.00,9.20
2009.12.31 13:17:19.138,1.51235,1.5128,1.00,4.10
2009.12.31 13:17:19.528,1.5123,1.5128,6.10,3.70
2009.12.31 13:17:27.156,1.5123,1.51275,6.10,1.00
2009.12.31 13:17:27.336,1.5123,1.5127,5.90,1.20
2009.12.31 13:17:27.506,1.5122,1.51265,2.00,2.40
2009.12.31 13:17:27.676,1.51215,1.5126,1.00,1.00
2009.12.31 13:17:27.846,1.5121,1.5126,1.30,2.00
2009.12.31 13:17:27.966,1.51215,1.5126,1.60,2.00
2009.12.31 13:17:28.126,1.51215,1.5126,1.70,2.00
2009.12.31 13:17:28.296,1.51215,1.51265,2.50,1.00
2009.12.31 13:17:29.335,1.5122,1.51265,1.00,1.00
2009.12.31 13:17:29.556,1.5122,1.51265,1.00,1.00
2009.12.31 13:17:30.775,1.5122,1.5127,1.00,2.10
2009.12.31 13:17:31.945,1.51215,1.51265,1.00,1.00
2009.12.31 13:17:33.525,1.5122,1.5127,1.00,2.10
2009.12.31 13:17:34.094,1.51215,1.51265,1.00,1.00
2009.12.31 13:17:40.233,1.51215,1.51255,1.00,1.00
2009.12.31 13:17:40.633,1.5121,1.5126,1.00,1.10
2009.12.31 13:17:42.842,1.51215,1.51255,1.00,1.00
2009.12.31 13:17:43.132,1.51215,1.51265,1.00,1.00
2009.12.31 13:17:44.802,1.5121,1.51255,1.00,1.00
2009.12.31 13:17:45.492,1.5121,1.51255,4.90,1.00
2009.12.31 13:17:45.722,1.51215,1.51265,1.00,1.00
2009.12.31 13:17:46.431,1.51215,1.51265,1.00,1.00
2009.12.31 13:17:46.601,1.5122,1.51265,4.30,1.00
2009.12.31 13:17:46.761,1.51225,1.51265,1.90,1.00
2009.12.31 13:17:47.111,1.51225,1.51265,1.60,1.00
2009.12.31 13:17:47.461,1.5122,1.51265,3.10,1.00
2009.12.31 13:17:49.561,1.51225,1.51265,1.00,1.00
2009.12.31 13:17:59.458,1.5122,1.51265,3.10,1.00
2009.12.31 13:17:59.688,1.5122,1.5126,1.60,1.00
2009.12.31 13:17:59.918,1.5122,1.51265,1.70,1.00
2009.12.31 13:18:00.138,1.51225,1.51275,1.00,1.30
2009.12.31 13:18:00.358,1.51225,1.51275,1.00,1.00
2009.12.31 13:18:02.588,1.51235,1.51275,1.60,1.00
2009.12.31 13:18:02.868,1.51235,1.5127,1.10,1.00
2009.12.31 13:18:03.457,1.5123,1.5127,1.00,1.00
2009.12.31 13:18:03.737,1.5123,1.51275,2.40,1.00
2009.12.31 13:18:04.707,1.51235,1.51275,1.00,1.00
2009.12.31 13:18:05.047,1.5123,1.5127,1.00,1.00
2009.12.31 13:18:06.397,1.5123,1.51275,2.40,1.00
2009.12.31 13:18:06.906,1.51235,1.51275,1.00,1.00
2009.12.31 13:18:07.846,1.5123,1.51275,2.30,1.10
2009.12.31 13:18:08.197,1.5123,1.5127,1.00,1.00
2009.12.31 13:18:10.196,1.5124,1.51285,1.00,1.00
2009.12.31 13:18:10.888,1.51235,1.51285,4.30,1.00
2009.12.31 13:18:11.006,1.5124,1.51285,1.00,1.00
2009.12.31 13:18:11.365,1.5124,1.51285,1.60,1.00
2009.12.31 13:18:11.975,1.5124,1.51285,1.00,1.00
2009.12.31 13:18:12.255,1.5124,1.5128,1.60,1.00
2009.12.31 13:18:14.955,1.5124,1.5128,1.00,1.00
2009.12.31 13:18:15.285,1.51245,1.5129,1.00,3.20
2009.12.31 13:18:15.454,1.51235,1.51285,3.70,1.00
2009.12.31 13:18:15.565,1.51235,1.51285,2.50,1.00
2009.12.31 13:18:15.804,1.51235,1.51275,2.40,1.00
2009.12.31 13:18:16.264,1.51235,1.51275,1.00,1.00
2009.12.31 13:18:20.463,1.51235,1.51275,2.40,1.00
2009.12.31 13:18:23.233,1.51235,1.51285,4.90,2.40
2009.12.31 13:18:23.412,1.51245,1.5129,1.00,1.20
2009.12.31 13:18:23.572,1.51245,1.5129,1.00,1.00
2009.12.31 13:18:23.683,1.5125,1.5129,1.00,1.00
2009.12.31 13:18:23.862,1.5125,1.5129,1.60,1.00
2009.12.31 13:18:24.842,1.5127,1.51295,1.00,1.00
2009.12.31 13:18:25.232,1.5126,1.51305,2.40,1.00
2009.12.31 13:18:25.462,1.51265,1.51305,1.00,1.00
2009.12.31 13:18:25.642,1.51265,1.51305,2.40,1.00
2009.12.31 13:18:26.322,1.51265,1.5131,2.40,1.00
2009.12.31 13:18:26.482,1.5127,1.5131,1.00,1.00
2009.12.31 13:18:26.842,1.51265,1.5131,4.00,2.70
2009.12.31 13:18:27.182,1.5126,1.51305,1.00,2.40
2009.12.31 13:18:27.582,1.51265,1.513,1.60,2.90
2009.12.31 13:18:27.922,1.51255,1.513,1.60,4.80
2009.12.31 13:18:28.251,1.51255,1.51295,1.60,1.00
2009.12.31 13:18:28.941,1.51245,1.51295,2.70,1.00
2009.12.31 13:18:29.281,1.51245,1.51295,2.40,3.40
2009.12.31 13:18:29.581,1.51245,1.5129,2.40,1.00
2009.12.31 13:18:30.441,1.51245,1.5129,2.40,1.70
2009.12.31 13:18:32.050,1.51245,1.5129,1.60,1.70
2009.12.31 13:18:33.100,1.5124,1.5128,1.00,1.00
2009.12.31 13:18:33.670,1.51235,1.5128,1.60,1.00
2009.12.31 13:18:33.731,1.51235,1.5128,1.60,1.60
2009.12.31 13:18:34.770,1.51225,1.5128,2.40,3.20
2009.12.31 13:18:35.120,1.51225,1.51275,2.40,1.00
2009.12.31 13:18:36.449,1.5123,1.51275,1.00,1.00
2009.12.31 13:18:36.629,1.51225,1.51275,2.40,1.00
2009.12.31 13:18:36.790,1.51225,1.51275,1.60,1.00
2009.12.31 13:18:37.119,1.51225,1.51275,1.60,2.80
2009.12.31 13:18:37.519,1.5122,1.5126,1.00,2.40
2009.12.31 13:18:37.859,1.51215,1.5126,2.50,2.40
2009.12.31 13:18:39.279,1.51215,1.51255,1.00,3.50
2009.12.31 13:18:39.619,1.51205,1.5125,2.50,2.40
2009.12.31 13:18:41.208,1.5122,1.5125,1.00,1.30
2009.12.31 13:18:41.598,1.5121,1.5126,1.70,1.00
2009.12.31 13:18:41.718,1.5121,1.5126,2.50,1.00
2009.12.31 13:18:41.898,1.5121,1.5126,1.00,2.00
2009.12.31 13:18:42.008,1.51205,1.5126,1.00,3.20
2009.12.31 13:18:42.188,1.512,1.5126,2.50,3.40
2009.12.31 13:18:42.808,1.51205,1.51255,2.50,1.00
2009.12.31 13:18:43.538,1.5121,1.51255,2.50,1.00
2009.12.31 13:18:43.718,1.51215,1.5126,1.60,1.00
2009.12.31 13:18:44.128,1.51215,1.51255,1.60,1.00
2009.12.31 13:18:44.808,1.51205,1.51255,3.20,1.00
2009.12.31 13:18:45.157,1.51205,1.51255,3.30,1.00
2009.12.31 13:18:47.517,1.51205,1.51255,3.20,2.40
2009.12.31 13:18:48.157,1.5121,1.51255,1.00,1.00
2009.12.31 13:18:48.267,1.51215,1.51255,1.00,1.90
2009.12.31 13:18:48.326,1.5121,1.51255,1.00,1.90
2009.12.31 13:18:48.436,1.51205,1.51255,2.90,1.90
2009.12.31 13:18:48.727,1.51205,1.51255,2.50,2.40
2009.12.31 13:18:49.646,1.51205,1.51255,2.50,2.60
2009.12.31 13:18:50.206,1.5121,1.51255,1.00,2.40
2009.12.31 13:18:50.386,1.51215,1.51255,1.00,2.40
2009.12.31 13:18:50.786,1.51215,1.51255,1.00,1.00
2009.12.31 13:18:51.476,1.51215,1.51255,1.00,2.40
2009.12.31 13:18:51.936,1.51205,1.51255,1.70,4.60
2009.12.31 13:18:52.105,1.51205,1.51245,1.70,1.00
2009.12.31 13:18:53.965,1.51205,1.51245,1.00,1.00
2009.12.31 13:18:54.325,1.512,1.5123,1.00,1.60
2009.12.31 13:18:54.665,1.51195,1.5124,1.60,1.00
2009.12.31 13:18:54.945,1.51195,1.51235,1.70,1.00
2009.12.31 13:18:55.225,1.51195,1.51235,1.00,1.00
2009.12.31 13:18:56.434,1.51205,1.5124,1.00,1.00
2009.12.31 13:18:56.665,1.512,1.5124,1.00,1.00
2009.12.31 13:18:59.524,1.51205,1.5124,1.00,1.00
2009.12.31 13:18:59.874,1.51205,1.51245,1.00,1.00
2009.12.31 13:19:03.313,1.51215,1.51245,1.00,1.00
2009.12.31 13:19:03.593,1.51215,1.5126,1.00,1.00
2009.12.31 13:19:03.703,1.51215,1.5126,1.00,1.00
2009.12.31 13:19:03.763,1.51215,1.5126,1.00,2.50
2009.12.31 13:19:03.873,1.51215,1.5126,1.00,2.40
2009.12.31 13:19:05.193,1.51215,1.5126,1.00,3.60
2009.12.31 13:19:05.472,1.51215,1.5126,1.00,3.70
2009.12.31 13:19:05.762,1.51215,1.5126,1.60,1.00
2009.12.31 13:19:06.452,1.51215,1.5126,1.70,1.00
2009.12.31 13:19:06.622,1.5122,1.5126,1.60,1.00
2009.12.31 13:19:06.832,1.51225,1.51265,2.40,1.00
2009.12.31 13:19:07.052,1.51225,1.5125,1.60,1.60
2009.12.31 13:19:07.222,1.5121,1.51245,8.40,1.00
2009.12.31 13:19:07.562,1.51205,1.51245,8.00,1.60
2009.12.31 13:19:07.912,1.512,1.5124,1.00,1.00
2009.12.31 13:19:08.842,1.512,1.51235,1.00,1.00
2009.12.31 13:19:09.482,1.512,1.51235,1.00,2.00
2009.12.31 13:19:10.512,1.5121,1.51235,1.00,2.00
2009.12.31 13:19:11.031,1.5121,1.51235,1.00,1.20
2009.12.31 13:19:11.201,1.51205,1.5124,1.00,1.00
2009.12.31 13:19:16.970,1.51195,1.5124,1.70,1.00
2009.12.31 13:19:17.370,1.51195,1.51235,1.70,1.00
2009.12.31 13:19:22.068,1.51195,1.51235,1.70,1.00
2009.12.31 13:19:22.189,1.51195,1.51235,1.00,1.00
2009.12.31 13:19:26.667,1.51205,1.51235,1.00,1.00
2009.12.31 13:19:27.587,1.51195,1.51235,1.70,1.00
2009.12.31 13:19:28.757,1.51195,1.51235,1.00,1.00
2009.12.31 13:19:29.347,1.51195,1.51235,4.90,1.00
2009.12.31 13:19:29.627,1.51205,1.51235,1.70,1.00
2009.12.31 13:19:29.797,1.51205,1.5125,2.50,1.00
2009.12.31 13:19:30.367,1.51215,1.51255,1.00,1.00
2009.12.31 13:19:32.346,1.51205,1.51245,2.50,1.00
2009.12.31 13:19:32.576,1.51205,1.5125,1.60,1.00
2009.12.31 13:19:32.866,1.51205,1.5125,1.60,1.00
2009.12.31 13:19:34.745,1.51205,1.5125,2.40,1.00
2009.12.31 13:19:35.136,1.51215,1.51255,1.60,1.00
2009.12.31 13:19:36.045,1.51215,1.5126,1.60,1.00
2009.12.31 13:19:37.875,1.51205,1.5125,2.50,1.00
2009.12.31 13:19:37.985,1.5121,1.5126,1.00,1.30
2009.12.31 13:19:38.045,1.5121,1.51255,1.00,1.00
2009.12.31 13:19:38.164,1.5121,1.51255,1.80,1.00
2009.12.31 13:19:41.154,1.51215,1.5126,1.60,1.00
2009.12.31 13:19:41.834,1.51215,1.5126,1.70,1.00
2009.12.31 13:19:41.884,1.51215,1.5126,1.70,1.00
2009.12.31 13:19:51.061,1.51215,1.5126,1.60,1.00
2009.12.31 13:19:56.140,1.51215,1.51255,1.60,1.00
2009.12.31 13:19:57.390,1.51215,1.5126,1.60,1.00
2009.12.31 13:19:59.989,1.51215,1.5126,1.70,1.00
2009.12.31 13:20:00.329,1.51225,1.5126,1.00,1.00
2009.12.31 13:20:00.500,1.5122,1.5126,1.00,1.00
2009.12.31 13:20:00.669,1.51225,1.5126,1.60,1.00
2009.12.31 13:20:00.849,1.51215,1.5126,2.90,1.00
2009.12.31 13:20:00.970,1.51215,1.5126,2.10,1.00
2009.12.31 13:20:01.139,1.51215,1.5126,1.70,1.00
2009.12.31 13:20:02.129,1.5122,1.5126,1.00,1.00
2009.12.31 13:20:02.759,1.51215,1.5126,4.20,1.00
2009.12.31 13:20:02.989,1.5122,1.5127,1.00,2.90
2009.12.31 13:20:03.219,1.5122,1.5126,1.00,1.00
2009.12.31 13:20:03.449,1.51225,1.5127,1.60,2.90
2009.12.31 13:20:03.618,1.51225,1.5127,2.50,2.50
2009.12.31 13:20:03.899,1.51225,1.5127,3.30,1.70
2009.12.31 13:20:06.138,1.5123,1.5127,1.00,1.70
2009.12.31 13:20:06.248,1.51235,1.5127,1.60,1.70
2009.12.31 13:20:06.308,1.51235,1.5127,1.60,1.00
2009.12.31 13:20:06.478,1.5123,1.5127,1.00,1.00
2009.12.31 13:20:06.538,1.51225,1.5127,3.30,1.00
2009.12.31 13:20:07.947,1.51235,1.5128,1.70,1.70
2009.12.31 13:20:08.167,1.51235,1.51275,1.00,1.00
2009.12.31 13:20:08.858,1.51235,1.5127,1.00,1.00
2009.12.31 13:20:09.087,1.51235,1.51275,1.60,1.00
2009.12.31 13:20:09.427,1.51235,1.51275,1.60,1.00
2009.12.31 13:20:09.777,1.5123,1.5128,1.70,1.00
2009.12.31 13:20:10.077,1.5123,1.5128,1.70,1.00
2009.12.31 13:20:11.937,1.51235,1.5128,1.60,1.00
2009.12.31 13:20:12.056,1.51235,1.51275,1.60,1.00
2009.12.31 13:20:12.407,1.51235,1.5127,1.60,1.00
2009.12.31 13:20:12.526,1.51235,1.51275,1.60,1.00
2009.12.31 13:20:12.866,1.51235,1.5127,1.60,1.00
2009.12.31 13:20:13.206,1.51235,1.51275,1.60,1.00
2009.12.31 13:20:13.606,1.51235,1.5127,1.60,1.00
2009.12.31 13:20:15.346,1.51235,1.5128,2.40,1.00
2009.12.31 13:20:15.525,1.51235,1.5128,1.60,1.00
2009.12.31 13:20:20.145,1.51235,1.5128,2.40,1.00
2009.12.31 13:20:21.354,1.51235,1.5128,1.60,1.00
2009.12.31 13:20:22.124,1.51235,1.51275,2.40,1.00
2009.12.31 13:20:22.364,1.5123,1.5128,3.50,3.70
2009.12.31 13:20:22.664,1.5123,1.5128,2.90,3.70
2009.12.31 13:20:22.894,1.5123,1.5128,1.60,1.50
2009.12.31 13:20:23.184,1.5123,1.5128,1.60,1.00
2009.12.31 13:20:23.694,1.51235,1.5128,1.60,1.00
2009.12.31 13:20:25.423,1.51235,1.5128,4.80,1.00
2009.12.31 13:20:25.594,1.5124,1.51285,1.00,1.00
2009.12.31 13:20:26.113,1.5124,1.5129,1.00,1.00
2009.12.31 13:20:26.453,1.51235,1.51285,1.60,1.00
2009.12.31 13:20:27.383,1.51235,1.5128,1.60,1.00
2009.12.31 13:20:28.372,1.5123,1.5128,1.70,1.00
2009.12.31 13:20:28.642,1.5123,1.5128,1.70,1.00
2009.12.31 13:20:28.872,1.5123,1.5128,3.20,1.00
2009.12.31 13:20:29.112,1.5123,1.5128,3.60,1.00
2009.12.31 13:20:29.402,1.5124,1.5128,1.00,1.00
2009.12.31 13:20:29.642,1.5124,1.51285,1.00,1.00
2009.12.31 13:20:29.992,1.5124,1.51295,1.00,4.40
2009.12.31 13:20:30.672,1.5124,1.5129,1.70,1.00
2009.12.31 13:20:32.182,1.5125,1.5129,1.00,1.00
2009.12.31 13:20:32.292,1.5125,1.5129,1.00,1.00
2009.12.31 13:20:32.531,1.5125,1.513,1.70,1.10
2009.12.31 13:20:33.391,1.51255,1.51295,1.00,2.20
2009.12.31 13:20:33.772,1.51255,1.5129,1.00,1.00
2009.12.31 13:20:34.461,1.51255,1.51295,1.00,1.70
2009.12.31 13:20:34.991,1.5125,1.5129,4.30,1.00
2009.12.31 13:20:35.331,1.51255,1.51295,1.00,1.70
2009.12.31 13:20:36.210,1.51245,1.51295,2.80,4.40
2009.12.31 13:20:36.330,1.51245,1.51295,2.50,4.40
2009.12.31 13:20:36.381,1.51245,1.51285,1.00,1.60
2009.12.31 13:20:36.540,1.51245,1.51285,1.00,1.60
2009.12.31 13:20:40.020,1.51245,1.51285,1.00,1.30
2009.12.31 13:20:40.369,1.51245,1.5128,1.00,1.60
2009.12.31 13:20:40.829,1.5124,1.5128,1.00,1.60
2009.12.31 13:20:40.990,1.5124,1.51285,1.00,1.30
2009.12.31 13:20:41.569,1.51235,1.51285,2.80,1.00
2009.12.31 13:20:41.749,1.51245,1.51285,1.00,1.00
2009.12.31 13:20:42.099,1.5125,1.5129,1.00,1.00
2009.12.31 13:20:42.449,1.5124,1.5129,1.00,1.00
2009.12.31 13:20:42.789,1.5124,1.5129,1.00,1.00
2009.12.31 13:20:43.129,1.51235,1.5129,3.30,5.60
2009.12.31 13:20:43.409,1.51235,1.5128,3.30,1.60
2009.12.31 13:20:44.568,1.51235,1.5128,3.30,1.70
2009.12.31 13:20:44.908,1.51245,1.5128,1.00,1.60
2009.12.31 13:20:49.447,1.5124,1.5128,1.00,1.60
2009.12.31 13:20:49.507,1.5124,1.51285,1.00,2.80
2009.12.31 13:20:49.557,1.5124,1.51285,1.00,1.70
2009.12.31 13:20:49.618,1.5124,1.51285,1.00,1.20
2009.12.31 13:20:49.678,1.5124,1.5129,1.00,9.40
2009.12.31 13:20:49.737,1.5124,1.5129,1.00,6.20
2009.12.31 13:20:50.147,1.51235,1.5128,2.90,1.70
2009.12.31 13:20:54.667,1.5125,1.5129,1.00,6.80
2009.12.31 13:20:55.236,1.5125,1.5129,1.00,7.60
2009.12.31 13:20:55.446,1.5124,1.5129,1.00,9.40
2009.12.31 13:20:56.546,1.5124,1.5129,1.00,8.30
2009.12.31 13:20:56.656,1.5124,1.5129,1.70,7.50
2009.12.31 13:20:57.186,1.5125,1.5129,1.00,6.80
2009.12.31 13:21:04.784,1.5124,1.51285,1.70,1.00
2009.12.31 13:21:07.453,1.5125,1.5129,1.00,6.80
2009.12.31 13:21:10.602,1.5124,1.51285,1.70,1.00
2009.12.31 13:21:13.322,1.5124,1.51285,1.70,1.30
2009.12.31 13:21:14.541,1.5124,1.51285,1.70,2.10
2009.12.31 13:21:15.581,1.5124,1.5128,1.00,1.60
2009.12.31 13:21:24.809,1.51235,1.5127,1.00,1.60
2009.12.31 13:21:25.609,1.5123,1.5127,4.50,1.60
2009.12.31 13:21:25.789,1.5123,1.5127,1.00,1.60
2009.12.31 13:21:32.947,1.5123,1.5127,1.00,1.60
2009.12.31 13:21:34.737,1.5122,1.51265,6.10,1.60
2009.12.31 13:21:34.966,1.5122,1.51265,6.90,1.60
2009.12.31 13:21:35.246,1.5123,1.5127,1.00,1.60
2009.12.31 13:21:35.516,1.51225,1.5127,1.60,1.70
2009.12.31 13:21:35.806,1.5122,1.51265,1.00,4.50
2009.12.31 13:21:35.966,1.5122,1.51255,1.00,1.60
2009.12.31 13:21:37.196,1.5122,1.5126,1.00,5.20
2009.12.31 13:21:37.486,1.51215,1.5126,1.00,1.00
2009.12.31 13:21:37.776,1.51215,1.51265,1.00,2.00
2009.12.31 13:21:38.056,1.51215,1.51265,1.00,6.00
2009.12.31 13:21:38.406,1.5122,1.5126,1.00,1.00
2009.12.31 13:21:40.025,1.51225,1.5126,1.00,6.80
2009.12.31 13:21:43.195,1.51215,1.5126,1.00,8.00
2009.12.31 13:21:43.355,1.51215,1.5126,1.00,9.10
2009.12.31 13:21:43.924,1.51215,1.51255,1.00,1.00
2009.12.31 13:21:50.843,1.51215,1.51245,1.00,1.60
2009.12.31 13:21:51.263,1.5121,1.51255,1.00,1.00
2009.12.31 13:21:51.602,1.51215,1.51255,1.00,1.00
2009.12.31 13:21:53.053,1.5122,1.51255,1.00,1.00
2009.12.31 13:21:58.463,1.51205,1.51245,1.00,1.00
2009.12.31 13:22:04.411,1.51205,1.51245,1.00,1.60
2009.12.31 13:22:04.581,1.512,1.51245,1.00,3.10
2009.12.31 13:22:05.621,1.512,1.5124,1.00,1.00
2009.12.31 13:22:06.141,1.51205,1.5124,1.00,1.00
2009.12.31 13:22:06.530,1.51205,1.51245,1.00,1.00
2009.12.31 13:22:06.700,1.51205,1.5125,1.00,1.00
2009.12.31 13:22:07.621,1.5121,1.5125,1.00,1.00
2009.12.31 13:22:07.960,1.512,1.5125,1.00,2.70
2009.12.31 13:22:08.830,1.51205,1.5125,1.00,2.70
2009.12.31 13:22:09.010,1.51215,1.5125,1.00,1.20
2009.12.31 13:22:09.120,1.51215,1.51255,1.00,9.10
2009.12.31 13:22:09.290,1.51215,1.5125,1.00,6.40
2009.12.31 13:22:09.460,1.51215,1.5125,1.00,1.00
2009.12.31 13:22:09.869,1.51215,1.5124,1.00,1.00
2009.12.31 13:22:10.230,1.512,1.5124,1.00,4.80
2009.12.31 13:22:10.569,1.512,1.51235,1.00,1.00
2009.12.31 13:22:13.159,1.512,1.5124,1.00,8.00
2009.12.31 13:22:13.398,1.512,1.5124,1.00,4.80
2009.12.31 13:22:13.959,1.51195,1.5124,1.00,1.00
2009.12.31 13:22:15.998,1.5122,1.51245,3.20,2.60
2009.12.31 13:22:16.108,1.51225,1.5127,4.30,1.00
2009.12.31 13:22:16.169,1.51225,1.51285,4.30,1.00
2009.12.31 13:22:16.568,1.5123,1.5129,1.00,1.00
2009.12.31 13:22:16.918,1.51225,1.51285,1.60,1.00
2009.12.31 13:22:18.078,1.5124,1.5128,1.00,1.00
2009.12.31 13:22:18.377,1.51235,1.51285,2.30,1.00
2009.12.31 13:22:18.607,1.51235,1.5128,1.00,1.00
2009.12.31 13:22:18.888,1.51235,1.51285,1.00,1.00
2009.12.31 13:22:19.118,1.51235,1.51285,1.00,1.00
2009.12.31 13:22:23.406,1.5125,1.51295,1.00,1.00
2009.12.31 13:22:23.696,1.5124,1.51295,2.80,1.00
2009.12.31 13:22:23.866,1.51245,1.51295,1.00,1.00
2009.12.31 13:22:24.716,1.5125,1.513,1.00,1.00
2009.12.31 13:22:28.165,1.51265,1.513,1.90,1.00
2009.12.31 13:22:28.225,1.51275,1.513,1.60,1.00
2009.12.31 13:22:28.345,1.51275,1.5131,1.60,2.80
2009.12.31 13:22:28.405,1.51275,1.5131,1.60,1.60
2009.12.31 13:22:28.525,1.51275,1.51305,1.60,1.00
2009.12.31 13:22:28.635,1.5126,1.51305,1.00,1.00
2009.12.31 13:22:29.845,1.51265,1.51305,1.00,1.00
2009.12.31 13:22:31.234,1.51265,1.513,1.00,1.60
2009.12.31 13:22:31.804,1.5126,1.513,1.00,1.60
2009.12.31 13:22:32.494,1.5126,1.51295,1.00,1.00
2009.12.31 13:22:34.124,1.5126,1.51295,1.00,1.00
2009.12.31 13:22:34.584,1.51255,1.51295,1.60,1.00
2009.12.31 13:22:34.974,1.51245,1.5129,1.00,1.00
2009.12.31 13:22:35.663,1.51245,1.51285,1.00,1.00
2009.12.31 13:22:37.343,1.51245,1.5129,1.00,1.00
2009.12.31 13:22:42.212,1.51235,1.51275,1.00,1.00
2009.12.31 13:22:42.573,1.5123,1.5127,1.00,2.00
2009.12.31 13:22:42.922,1.51225,1.51265,1.00,2.90
2009.12.31 13:22:43.572,1.5124,1.51265,1.00,1.60
2009.12.31 13:22:43.852,1.51255,1.513,1.60,1.20
2009.12.31 13:22:44.081,1.51255,1.51305,1.60,1.00
2009.12.31 13:22:44.532,1.51255,1.51305,1.60,1.30
2009.12.31 13:22:45.581,1.5125,1.51295,1.00,1.00
2009.12.31 13:22:46.161,1.51245,1.5129,4.00,1.00
2009.12.31 13:22:47.540,1.51245,1.5129,4.10,1.00
2009.12.31 13:22:48.000,1.51245,1.51285,1.60,1.00
2009.12.31 13:22:48.220,1.5124,1.51285,1.60,1.00
2009.12.31 13:22:48.661,1.5124,1.5128,1.60,1.00
2009.12.31 13:22:48.890,1.5124,1.51285,1.00,1.00
2009.12.31 13:22:49.710,1.5124,1.51285,1.00,3.60
2009.12.31 13:22:50.050,1.5123,1.51275,1.00,1.00
2009.12.31 13:22:50.400,1.5123,1.51275,1.00,1.00
2009.12.31 13:22:51.609,1.5123,1.51275,1.00,1.00
2009.12.31 13:22:52.329,1.5123,1.51275,1.00,1.00
2009.12.31 13:22:54.469,1.51225,1.51275,1.00,2.70
2009.12.31 13:22:55.199,1.51225,1.5126,1.00,1.00
2009.12.31 13:22:55.309,1.51225,1.51265,1.00,1.20
2009.12.31 13:22:55.419,1.51225,1.51265,1.00,2.30
2009.12.31 13:22:55.529,1.51215,1.51255,1.00,1.00
2009.12.31 13:22:55.649,1.51215,1.51265,1.00,3.10
2009.12.31 13:22:55.759,1.5121,1.5126,1.00,1.00
2009.12.31 13:22:55.999,1.51215,1.51265,1.00,3.10
2009.12.31 13:22:56.518,1.5121,1.51265,1.70,1.20
2009.12.31 13:22:56.919,1.51215,1.51265,1.00,1.00
2009.12.31 13:22:57.268,1.51215,1.51265,1.60,1.00
2009.12.31 13:22:57.628,1.5122,1.5125,1.00,1.60
2009.12.31 13:22:57.978,1.51205,1.5126,1.00,3.60
2009.12.31 13:22:58.258,1.51205,1.51255,1.00,1.00
2009.12.31 13:22:58.598,1.51205,1.5126,1.00,2.80
2009.12.31 13:22:58.898,1.51205,1.5125,1.00,1.60
2009.12.31 13:22:59.588,1.5121,1.5125,1.00,1.60
2009.12.31 13:23:00.277,1.512,1.51225,4.30,1.20
2009.12.31 13:23:00.397,1.512,1.51225,1.00,1.20
2009.12.31 13:23:00.577,1.51185,1.51225,1.00,1.20
2009.12.31 13:23:00.807,1.51175,1.5122,1.00,1.00
2009.12.31 13:23:01.277,1.51165,1.5122,1.00,1.00
2009.12.31 13:23:01.567,1.51165,1.5121,2.50,1.00
2009.12.31 13:23:03.037,1.51175,1.5121,1.00,1.00
2009.12.31 13:23:03.507,1.51175,1.512,1.00,1.00
2009.12.31 13:23:03.787,1.5116,1.512,1.20,1.90
2009.12.31 13:23:04.136,1.51155,1.512,2.50,1.90
2009.12.31 13:23:04.466,1.51155,1.512,1.00,1.90
2009.12.31 13:23:05.786,1.51155,1.51195,1.00,1.00
2009.12.31 13:23:05.846,1.51155,1.51195,1.00,1.30
2009.12.31 13:23:05.966,1.51155,1.51195,1.00,4.00
2009.12.31 13:23:06.666,1.5116,1.51195,1.00,4.00
2009.12.31 13:23:07.426,1.51155,1.51195,1.00,4.00
2009.12.31 13:23:07.816,1.51155,1.51195,1.00,1.60
2009.12.31 13:23:07.986,1.51155,1.512,1.00,3.20
2009.12.31 13:23:11.105,1.5115,1.512,1.00,2.40
2009.12.31 13:23:11.215,1.5115,1.512,1.00,3.60
2009.12.31 13:23:11.505,1.5115,1.512,1.00,2.00
2009.12.31 13:23:12.694,1.51155,1.512,1.00,2.00
2009.12.31 13:23:18.993,1.5116,1.51195,1.00,1.60
2009.12.31 13:23:19.333,1.51155,1.512,1.00,5.20
2009.12.31 13:23:25.721,1.5116,1.512,1.00,6.00
2009.12.31 13:23:25.831,1.51155,1.51195,1.00,4.80
2009.12.31 13:23:25.881,1.51155,1.51195,1.00,6.80
2009.12.31 13:23:26.222,1.51155,1.51195,1.00,2.40
2009.12.31 13:23:26.331,1.5116,1.51195,1.00,1.60
2009.12.31 13:23:27.501,1.51155,1.512,1.00,1.00
2009.12.31 13:23:28.421,1.51155,1.51195,1.00,2.40
2009.12.31 13:23:28.641,1.51155,1.51195,1.00,3.90
2009.12.31 13:23:29.050,1.51155,1.51195,1.00,4.70
2009.12.31 13:23:30.090,1.51145,1.51195,1.00,8.00
2009.12.31 13:23:30.210,1.51145,1.51195,1.00,9.20
2009.12.31 13:23:30.670,1.5115,1.51195,1.00,8.30
2009.12.31 13:23:30.850,1.5115,1.51195,1.00,2.00
2009.12.31 13:23:30.970,1.5115,1.51195,1.00,1.00
2009.12.31 13:23:32.560,1.51155,1.51195,1.00,1.00
2009.12.31 13:23:34.609,1.51155,1.512,1.00,1.00
2009.12.31 13:23:36.249,1.51155,1.512,1.70,1.00
2009.12.31 13:23:36.489,1.51155,1.5119,1.70,1.60
2009.12.31 13:23:36.599,1.51155,1.51185,1.00,3.20
2009.12.31 13:23:36.709,1.51155,1.51185,1.00,5.20
2009.12.31 13:23:37.339,1.5115,1.51185,1.00,6.40
2009.12.31 13:23:37.689,1.5115,1.5118,1.00,1.00
2009.12.31 13:23:41.618,1.51145,1.5118,1.00,1.00
2009.12.31 13:23:41.847,1.51145,1.5118,1.00,5.20
2009.12.31 13:23:55.394,1.51145,1.5117,1.00,1.20
2009.12.31 13:23:55.564,1.51145,1.5117,1.00,2.00
2009.12.31 13:23:57.493,1.51135,1.5117,1.00,2.00
2009.12.31 13:23:57.774,1.51135,1.5117,1.00,3.60
2009.12.31 13:23:59.303,1.5114,1.5117,1.00,2.00
2009.12.31 13:23:59.713,1.5114,1.5117,1.00,2.80
2009.12.31 13:23:59.993,1.51115,1.5116,1.20,1.60
2009.12.31 13:24:00.175,1.51115,1.51165,1.00,2.40
2009.12.31 13:24:00.633,1.5112,1.51165,1.00,1.20
2009.12.31 13:24:00.913,1.5112,1.51165,1.00,1.00
2009.12.31 13:24:01.203,1.51125,1.5117,1.00,1.20
2009.12.31 13:24:01.503,1.51135,1.5117,1.00,1.00
2009.12.31 13:24:01.793,1.51145,1.5118,1.60,1.00
2009.12.31 13:24:02.083,1.51145,1.5118,1.60,5.20
2009.12.31 13:24:02.613,1.51135,1.5118,1.60,5.20
2009.12.31 13:24:02.892,1.51135,1.51175,1.60,5.20
2009.12.31 13:24:03.882,1.51135,1.51175,1.70,5.20
2009.12.31 13:24:03.992,1.51135,1.51175,1.60,5.20
2009.12.31 13:24:04.162,1.51135,1.51175,1.60,1.00
2009.12.31 13:24:04.272,1.5113,1.51175,1.70,1.60
2009.12.31 13:24:05.002,1.5113,1.5118,3.30,3.60
2009.12.31 13:24:05.692,1.51135,1.5118,1.00,3.60
2009.12.31 13:24:07.861,1.51135,1.5118,1.70,3.60
2009.12.31 13:24:10.340,1.5112,1.5116,1.00,1.00
2009.12.31 13:24:10.680,1.5112,1.51155,1.00,1.00
2009.12.31 13:24:11.250,1.5112,1.5116,1.00,1.00
2009.12.31 13:24:11.551,1.5112,1.5116,1.00,1.00
2009.12.31 13:24:11.840,1.5111,1.5116,1.00,1.00
2009.12.31 13:24:12.130,1.5112,1.5116,1.00,1.00
2009.12.31 13:24:12.410,1.5111,1.5116,1.00,1.00
2009.12.31 13:24:12.760,1.5112,1.5116,1.00,1.00
2009.12.31 13:24:13.045,1.5112,1.5116,1.00,1.00
2009.12.31 13:24:13.680,1.5112,1.51165,1.00,1.00
2009.12.31 13:24:14.250,1.5111,1.5116,2.80,1.00
2009.12.31 13:24:14.540,1.5111,1.5116,1.00,1.00
2009.12.31 13:24:14.832,1.51105,1.5116,1.00,3.10
2009.12.31 13:24:15.189,1.51105,1.51155,1.00,1.00
2009.12.31 13:24:16.059,1.5111,1.51155,1.00,1.00
2009.12.31 13:24:16.229,1.5111,1.51155,1.00,1.20
2009.12.31 13:24:16.589,1.5111,1.51155,1.00,1.00
2009.12.31 13:24:17.339,1.5111,1.51155,1.00,1.00
2009.12.31 13:24:17.629,1.5111,1.5116,1.00,1.20
2009.12.31 13:24:18.329,1.5111,1.5116,1.00,1.00
2009.12.31 13:24:20.118,1.5112,1.51165,1.00,2.70
2009.12.31 13:24:20.288,1.5112,1.51165,1.00,4.70
2009.12.31 13:24:22.288,1.5112,1.51165,1.00,1.00
2009.12.31 13:24:22.588,1.5112,1.51165,1.00,1.00
2009.12.31 13:24:22.827,1.5112,1.51165,1.00,1.00
2009.12.31 13:24:23.127,1.5112,1.5116,1.00,1.00
2009.12.31 13:24:23.427,1.51115,1.51155,1.00,2.30
2009.12.31 13:24:23.767,1.51115,1.51155,1.00,4.70
2009.12.31 13:24:25.517,1.5111,1.51145,1.00,1.00
2009.12.31 13:24:26.169,1.51105,1.5114,1.00,1.00
2009.12.31 13:24:26.467,1.51095,1.5114,1.00,1.60
2009.12.31 13:24:26.867,1.51095,1.5113,1.00,1.00
2009.12.31 13:24:27.166,1.511,1.5113,1.00,1.00
2009.12.31 13:24:27.557,1.51095,1.5113,1.00,1.00
2009.12.31 13:24:27.917,1.51095,1.51135,1.00,1.00
2009.12.31 13:24:30.716,1.5109,1.51135,1.00,3.10
2009.12.31 13:24:31.356,1.5109,1.5113,1.00,1.00
2009.12.31 13:24:31.526,1.51095,1.5114,1.00,1.00
2009.12.31 13:24:32.045,1.5109,1.51145,1.70,1.20
2009.12.31 13:24:32.405,1.51095,1.51145,1.60,3.20
2009.12.31 13:24:32.765,1.51095,1.51145,2.40,3.20
2009.12.31 13:24:33.105,1.51095,1.51145,2.40,2.40
2009.12.31 13:24:33.455,1.511,1.51145,1.00,2.30
2009.12.31 13:24:33.805,1.511,1.51145,1.00,1.00
2009.12.31 13:24:34.145,1.51095,1.51145,2.40,2.30
2009.12.31 13:24:34.445,1.51095,1.51145,2.50,3.20
2009.12.31 13:24:34.785,1.51095,1.51145,2.40,1.30
2009.12.31 13:24:35.005,1.51095,1.51145,2.40,1.00
2009.12.31 13:24:35.234,1.511,1.51145,1.00,1.00
2009.12.31 13:24:35.464,1.511,1.51155,1.60,1.00
2009.12.31 13:24:36.444,1.511,1.51155,1.60,1.00
2009.12.31 13:24:36.744,1.511,1.51155,1.60,1.00
2009.12.31 13:24:40.404,1.5111,1.5116,4.30,2.40
2009.12.31 13:24:40.743,1.5111,1.5115,1.00,1.60
2009.12.31 13:24:41.043,1.5111,1.5115,1.00,6.00
2009.12.31 13:24:41.373,1.51105,1.5115,1.00,6.80
2009.12.31 13:24:41.723,1.5111,1.5115,1.00,4.00
2009.12.31 13:24:42.083,1.5111,1.5115,1.00,1.00
2009.12.31 13:24:45.272,1.5111,1.5115,1.00,2.40
2009.12.31 13:24:45.852,1.511,1.5114,1.00,1.60
2009.12.31 13:24:45.972,1.5111,1.5114,1.00,2.40
2009.12.31 13:24:46.092,1.5111,1.5114,1.00,1.00
2009.12.31 13:24:46.612,1.51115,1.5114,1.00,1.00
2009.12.31 13:24:46.842,1.5111,1.51145,1.00,1.00
2009.12.31 13:24:47.591,1.5111,1.5115,1.00,8.00
2009.12.31 13:24:50.821,1.5111,1.5115,1.00,3.60
2009.12.31 13:24:53.440,1.5111,1.51145,1.00,1.00
2009.12.31 13:24:53.730,1.51105,1.5114,1.00,6.00
2009.12.31 13:24:53.850,1.51105,1.5114,1.00,2.80
2009.12.31 13:24:53.970,1.51105,1.5114,1.00,3.60
2009.12.31 13:24:54.350,1.511,1.5114,1.00,1.00
2009.12.31 13:24:54.700,1.5111,1.5114,1.00,3.60
2009.12.31 13:24:55.040,1.51105,1.5114,1.00,3.60
2009.12.31 13:24:55.400,1.51105,1.5114,1.00,4.80
2009.12.31 13:24:58.720,1.5111,1.5114,1.00,3.20
2009.12.31 13:24:58.961,1.5112,1.51175,1.60,1.00
2009.12.31 13:24:59.139,1.5112,1.5118,1.60,1.00
2009.12.31 13:25:01.048,1.5113,1.5117,1.00,1.00
2009.12.31 13:25:01.728,1.5113,1.51175,1.00,1.00
2009.12.31 13:25:02.388,1.51135,1.51175,1.00,1.00
2009.12.31 13:25:05.767,1.5114,1.51175,1.00,1.00
2009.12.31 13:25:05.947,1.5114,1.5118,1.00,1.60
2009.12.31 13:25:07.298,1.5114,1.5118,1.00,1.00
2009.12.31 13:25:07.937,1.51135,1.5118,1.00,2.90
2009.12.31 13:25:08.227,1.5114,1.5118,1.00,1.60
2009.12.31 13:25:12.326,1.5114,1.5118,1.00,1.00
2009.12.31 13:25:17.794,1.5114,1.51185,1.00,4.70
2009.12.31 13:25:18.414,1.51135,1.5118,1.00,1.00
2009.12.31 13:25:19.044,1.51135,1.5117,1.00,1.00
2009.12.31 13:25:21.983,1.51135,1.5118,1.00,1.00
2009.12.31 13:25:22.194,1.51135,1.5118,2.50,1.00
2009.12.31 13:25:22.713,1.51135,1.5118,1.00,1.00
2009.12.31 13:25:25.592,1.51135,1.5117,1.00,1.00
2009.12.31 13:25:25.992,1.51135,1.5118,1.00,1.00
2009.12.31 13:25:26.952,1.5114,1.51185,1.70,1.00
2009.12.31 13:25:27.332,1.5114,1.51185,1.60,1.00
2009.12.31 13:25:27.672,1.51145,1.5119,1.00,1.00
2009.12.31 13:25:28.012,1.5115,1.5119,1.00,1.00
2009.12.31 13:25:29.382,1.5115,1.512,1.00,1.00
2009.12.31 13:25:29.852,1.5115,1.512,1.00,1.00
2009.12.31 13:25:30.211,1.5115,1.5119,1.00,1.00
2009.12.31 13:25:31.581,1.5115,1.51195,1.30,1.00
2009.12.31 13:25:34.510,1.5115,1.512,1.00,1.00
2009.12.31 13:25:34.850,1.5115,1.51195,1.00,1.00
2009.12.31 13:25:35.940,1.5115,1.512,1.00,1.00
2009.12.31 13:25:36.110,1.51155,1.512,1.00,1.00
2009.12.31 13:25:38.139,1.51155,1.51195,1.00,1.00
2009.12.31 13:25:38.370,1.5115,1.51195,1.00,1.00
2009.12.31 13:25:38.539,1.5115,1.512,1.00,2.00
2009.12.31 13:25:38.719,1.5115,1.51195,1.00,1.00
2009.12.31 13:25:38.889,1.5115,1.51195,1.30,1.00
2009.12.31 13:25:39.049,1.51155,1.51195,1.00,1.00
2009.12.31 13:25:40.069,1.51155,1.512,1.00,1.00
2009.12.31 13:25:40.409,1.5116,1.512,1.00,1.00
2009.12.31 13:25:53.786,1.5116,1.51195,1.00,1.00
2009.12.31 13:25:54.346,1.5115,1.512,1.00,3.10
2009.12.31 13:25:54.525,1.5115,1.512,1.00,2.30
2009.12.31 13:25:55.605,1.5115,1.512,1.00,2.10
2009.12.31 13:25:56.645,1.5115,1.512,1.00,1.30
2009.12.31 13:25:56.995,1.51155,1.51205,1.00,3.10
2009.12.31 13:25:57.335,1.51155,1.512,1.00,1.00
2009.12.31 13:25:57.635,1.5116,1.512,1.00,1.00
2009.12.31 13:26:00.484,1.51155,1.512,1.00,1.00
2009.12.31 13:26:01.114,1.51155,1.51195,1.00,1.00
2009.12.31 13:26:02.504,1.51155,1.512,1.00,1.00
2009.12.31 13:26:02.744,1.51155,1.51195,1.00,1.00
2009.12.31 13:26:03.203,1.51155,1.512,1.00,2.30
2009.12.31 13:26:03.493,1.5115,1.512,1.00,3.10
2009.12.31 13:26:04.183,1.5115,1.5119,1.00,1.00
2009.12.31 13:26:04.523,1.51145,1.51185,1.00,1.00
2009.12.31 13:26:04.823,1.5115,1.51195,1.00,1.30
2009.12.31 13:26:05.093,1.5115,1.512,1.00,3.10
2009.12.31 13:26:09.552,1.5115,1.512,1.00,2.90
2009.12.31 13:26:10.242,1.5115,1.512,1.00,2.30
2009.12.31 13:26:10.581,1.51155,1.512,1.00,1.00
2009.12.31 13:26:12.081,1.51145,1.5119,1.00,1.00
2009.12.31 13:26:12.471,1.5115,1.51195,1.00,2.10
2009.12.31 13:26:12.801,1.5115,1.512,1.00,3.10
2009.12.31 13:26:13.091,1.5115,1.512,1.00,3.10
2009.12.31 13:26:14.311,1.5115,1.5119,1.00,1.00
2009.12.31 13:26:15.800,1.5115,1.512,1.00,3.10
2009.12.31 13:26:17.130,1.5115,1.5119,1.00,1.00
2009.12.31 13:26:17.590,1.5115,1.512,1.00,3.10
2009.12.31 13:26:18.120,1.5115,1.512,1.00,1.00
2009.12.31 13:26:18.469,1.51155,1.512,1.00,1.00
2009.12.31 13:26:20.599,1.5116,1.512,1.00,1.00
2009.12.31 13:26:26.118,1.5116,1.512,1.00,1.00
2009.12.31 13:26:26.348,1.51155,1.512,2.90,1.00
2009.12.31 13:26:26.638,1.5116,1.512,1.00,1.00
2009.12.31 13:26:34.786,1.5116,1.512,1.00,1.00
2009.12.31 13:26:35.176,1.51155,1.51195,1.00,1.00
2009.12.31 13:26:35.516,1.51155,1.512,1.00,1.00
2009.12.31 13:26:35.686,1.5116,1.51205,1.00,1.90
2009.12.31 13:26:35.975,1.5116,1.51205,1.00,1.00
2009.12.31 13:26:36.095,1.5116,1.5121,1.00,1.00
2009.12.31 13:26:36.375,1.51165,1.5121,1.00,1.00
2009.12.31 13:26:36.545,1.5117,1.51215,1.00,1.20
2009.12.31 13:26:36.835,1.51175,1.5122,1.90,1.00
2009.12.31 13:26:37.175,1.51175,1.51225,1.00,1.00
2009.12.31 13:26:38.105,1.51175,1.51225,2.70,1.00
2009.12.31 13:26:40.754,1.51175,1.51225,1.00,1.00
2009.12.31 13:26:41.565,1.51175,1.51225,1.00,1.60
2009.12.31 13:26:41.734,1.51175,1.51225,1.00,1.70
2009.12.31 13:26:41.904,1.51175,1.51225,1.00,1.60
2009.12.31 13:26:43.423,1.51175,1.51225,1.00,1.70
2009.12.31 13:26:44.344,1.51175,1.5122,1.00,1.00
2009.12.31 13:26:44.684,1.5117,1.5122,1.00,1.00
2009.12.31 13:26:45.493,1.5117,1.5122,1.00,1.00
2009.12.31 13:26:46.193,1.5117,1.5121,1.00,1.00
2009.12.31 13:26:46.473,1.5117,1.51215,1.00,1.00
2009.12.31 13:26:47.163,1.5117,1.51215,1.00,1.00
2009.12.31 13:26:48.512,1.51165,1.51215,1.00,2.50
2009.12.31 13:26:48.613,1.51165,1.51205,1.00,1.00
2009.12.31 13:26:49.082,1.5117,1.5121,1.00,1.00
2009.12.31 13:26:49.942,1.51175,1.5122,1.00,1.00
2009.12.31 13:26:52.421,1.51175,1.51215,1.00,1.00
2009.12.31 13:26:52.602,1.51185,1.51225,1.00,1.00
2009.12.31 13:26:53.512,1.5119,1.5123,1.60,1.00
2009.12.31 13:26:53.861,1.5118,1.5123,3.70,1.00
2009.12.31 13:26:55.241,1.5119,1.51225,1.00,1.00
2009.12.31 13:26:55.501,1.5119,1.5123,1.00,1.00
2009.12.31 13:26:55.791,1.5119,1.51225,1.00,1.00
2009.12.31 13:26:56.301,1.5119,1.51235,1.00,1.00
2009.12.31 13:26:56.591,1.5119,1.51235,1.00,1.00
2009.12.31 13:26:56.891,1.5119,1.51235,1.00,1.90
2009.12.31 13:26:57.171,1.5118,1.51235,3.50,4.00
2009.12.31 13:26:57.461,1.5118,1.5123,1.00,2.40
2009.12.31 13:26:57.861,1.5118,1.5123,1.00,3.20
2009.12.31 13:26:58.840,1.5118,1.51225,1.00,1.00
2009.12.31 13:26:59.560,1.5118,1.5122,1.00,1.00
2009.12.31 13:26:59.730,1.5118,1.51225,1.00,1.00
2009.12.31 13:27:00.420,1.5118,1.51225,1.00,2.50
2009.12.31 13:27:00.769,1.51175,1.51215,1.00,1.00
2009.12.31 13:27:01.160,1.51175,1.51215,2.40,1.00
2009.12.31 13:27:01.330,1.51175,1.51225,2.50,1.00
2009.12.31 13:27:01.499,1.5118,1.51225,1.00,1.00
2009.12.31 13:27:01.849,1.5117,1.5121,1.10,1.60
2009.12.31 13:27:02.179,1.51175,1.5122,1.00,1.00
2009.12.31 13:27:02.569,1.51195,1.51235,1.60,2.30
2009.12.31 13:27:02.919,1.51185,1.51245,2.40,1.70
2009.12.31 13:27:03.139,1.51185,1.51245,1.00,1.70
2009.12.31 13:27:03.369,1.5118,1.51245,1.20,1.70
2009.12.31 13:27:03.609,1.5119,1.51245,1.00,1.70
2009.12.31 13:27:04.249,1.5119,1.51245,1.00,1.60
2009.12.31 13:27:04.479,1.5119,1.51245,1.00,1.70
2009.12.31 13:27:04.879,1.5119,1.5124,1.00,1.00
2009.12.31 13:27:05.379,1.51185,1.5124,3.20,1.00
2009.12.31 13:27:05.728,1.51185,1.51235,3.20,1.00
2009.12.31 13:27:06.778,1.5119,1.5124,1.00,1.00
2009.12.31 13:27:07.228,1.5119,1.5124,3.20,1.00
2009.12.31 13:27:08.707,1.5119,1.5124,1.60,1.00
2009.12.31 13:27:20.345,1.5119,1.51245,1.00,1.00
2009.12.31 13:27:20.885,1.5119,1.51245,1.00,1.00
2009.12.31 13:27:21.115,1.51195,1.51245,1.60,1.00
2009.12.31 13:27:22.324,1.5119,1.51245,1.00,1.00
2009.12.31 13:27:22.554,1.51185,1.5124,1.60,1.00
2009.12.31 13:27:22.835,1.51185,1.5124,1.60,1.60
2009.12.31 13:27:23.064,1.51185,1.5124,1.60,1.70
2009.12.31 13:27:27.853,1.51185,1.5124,1.60,1.60
2009.12.31 13:27:33.442,1.51185,1.5123,1.60,1.00
2009.12.31 13:27:39.290,1.51185,1.51235,1.60,1.90
2009.12.31 13:27:49.348,1.51185,1.5123,1.60,1.00
2009.12.31 13:27:49.988,1.51195,1.5123,1.60,1.00
2009.12.31 13:27:51.117,1.51185,1.5123,1.60,1.00
2009.12.31 13:27:54.267,1.51195,1.5123,1.60,1.00
2009.12.31 13:27:56.906,1.51185,1.5123,1.60,1.00
2009.12.31 13:27:58.006,1.51185,1.5124,1.60,1.70
2009.12.31 13:28:00.595,1.51195,1.5124,1.60,1.70
2009.12.31 13:28:02.715,1.512,1.5124,1.00,1.00
2009.12.31 13:28:02.954,1.512,1.51245,1.00,1.00
2009.12.31 13:28:03.464,1.51205,1.51245,1.60,1.00
2009.12.31 13:28:03.694,1.51205,1.51245,2.10,1.00
2009.12.31 13:28:04.284,1.51205,1.51245,1.60,1.00
2009.12.31 13:28:04.564,1.5121,1.5125,1.60,1.00
2009.12.31 13:28:04.804,1.51205,1.5124,2.40,1.00
2009.12.31 13:28:05.394,1.51205,1.5124,1.60,1.00
2009.12.31 13:28:05.724,1.51205,1.5124,2.40,1.00
2009.12.31 13:28:06.114,1.5121,1.51255,1.00,1.30
2009.12.31 13:28:06.344,1.51205,1.51255,2.80,1.00
2009.12.31 13:28:06.574,1.51205,1.51255,2.40,1.00
2009.12.31 13:28:06.804,1.51205,1.51255,2.40,1.00
2009.12.31 13:28:07.373,1.51205,1.5125,4.50,1.00
2009.12.31 13:28:07.753,1.51205,1.5125,5.60,1.00
2009.12.31 13:28:08.453,1.51205,1.51245,5.60,1.00
2009.12.31 13:28:11.183,1.5121,1.51245,1.00,1.00
2009.12.31 13:28:11.542,1.51205,1.5125,2.40,1.00
2009.12.31 13:28:15.582,1.51215,1.5125,1.60,1.00
2009.12.31 13:28:16.262,1.51215,1.51255,1.60,1.00
2009.12.31 13:28:17.251,1.51215,1.51255,2.40,1.00
2009.12.31 13:28:17.531,1.51215,1.5126,2.40,1.00
2009.12.31 13:28:18.001,1.5122,1.51265,1.00,1.00
2009.12.31 13:28:18.601,1.5122,1.5126,1.60,1.00
2009.12.31 13:28:18.941,1.51225,1.51265,2.40,1.00
2009.12.31 13:28:19.111,1.51225,1.5127,2.40,1.00
2009.12.31 13:28:21.110,1.51225,1.51265,1.60,1.00
2009.12.31 13:28:21.350,1.51225,1.51265,1.60,1.00
2009.12.31 13:28:22.540,1.5122,1.51265,1.60,1.00
2009.12.31 13:28:22.780,1.51225,1.51265,2.40,1.00
2009.12.31 13:28:23.070,1.51225,1.51265,1.60,1.00
2009.12.31 13:28:24.639,1.51225,1.51265,1.60,1.00
2009.12.31 13:28:26.299,1.5122,1.51265,1.00,1.00
2009.12.31 13:28:27.179,1.51215,1.5125,1.00,1.60
2009.12.31 13:28:27.469,1.51215,1.5125,2.40,1.60
2009.12.31 13:28:27.809,1.51215,1.51255,2.40,1.00
2009.12.31 13:28:28.568,1.5123,1.5127,1.00,1.00
2009.12.31 13:28:29.048,1.5123,1.5127,1.00,1.00
2009.12.31 13:28:30.458,1.5123,1.51265,1.00,1.00
2009.12.31 13:28:38.966,1.51235,1.5127,1.00,1.00
2009.12.31 13:28:41.155,1.5124,1.51265,1.00,1.00
2009.12.31 13:28:41.455,1.51245,1.51265,1.60,1.00
2009.12.31 13:28:43.335,1.51245,1.51265,2.40,1.00
2009.12.31 13:28:43.515,1.51245,1.51275,2.40,1.00
2009.12.31 13:28:43.735,1.51245,1.51265,1.60,1.00
2009.12.31 13:28:44.874,1.51245,1.51275,1.60,1.00
2009.12.31 13:28:45.174,1.51235,1.51275,2.40,1.00
2009.12.31 13:28:45.534,1.51235,1.5128,1.00,1.00
2009.12.31 13:28:45.584,1.5124,1.5128,1.00,1.00
2009.12.31 13:28:47.564,1.51235,1.5128,2.30,1.00
2009.12.31 13:28:47.684,1.51235,1.5128,1.90,1.00
2009.12.31 13:28:47.804,1.51235,1.5128,1.00,1.00
2009.12.31 13:28:48.393,1.5123,1.5128,4.00,1.00
2009.12.31 13:28:48.564,1.51225,1.5127,3.20,1.00
2009.12.31 13:28:48.734,1.51225,1.5127,1.60,1.00
2009.12.31 13:28:48.964,1.51225,1.5127,1.00,1.00
2009.12.31 13:28:49.143,1.5122,1.5127,2.70,1.00
2009.12.31 13:28:49.304,1.5122,1.5127,1.60,1.00
2009.12.31 13:28:50.583,1.5122,1.51265,1.60,1.00
2009.12.31 13:28:51.563,1.5122,1.5126,1.60,1.00
2009.12.31 13:28:53.373,1.51215,1.5125,2.40,1.00
2009.12.31 13:28:53.592,1.51215,1.51265,2.50,1.00
2009.12.31 13:28:53.812,1.51215,1.5126,2.40,1.00
2009.12.31 13:28:54.042,1.51215,1.5126,3.20,1.00
2009.12.31 13:28:54.222,1.51215,1.5126,3.30,1.00
2009.12.31 13:28:54.572,1.5122,1.5126,1.00,1.00
2009.12.31 13:28:57.711,1.51225,1.5127,1.00,1.70
2009.12.31 13:28:58.001,1.5122,1.5126,1.60,1.00
2009.12.31 13:28:58.341,1.5122,1.51265,1.00,1.00
2009.12.31 13:28:58.691,1.51215,1.51265,3.30,1.00
2009.12.31 13:29:00.902,1.51215,1.51265,4.90,1.00
2009.12.31 13:29:01.131,1.51225,1.5127,1.00,1.00
2009.12.31 13:29:02.710,1.51215,1.51265,3.30,1.00
2009.12.31 13:29:04.940,1.51225,1.51265,1.00,1.00
2009.12.31 13:29:05.290,1.5123,1.5128,1.00,1.00
2009.12.31 13:29:05.629,1.51225,1.51275,2.80,1.00
2009.12.31 13:29:05.990,1.5123,1.51285,1.00,1.00
2009.12.31 13:29:06.679,1.5123,1.51285,1.00,1.00
2009.12.31 13:29:08.629,1.51235,1.51285,1.00,1.70
2009.12.31 13:29:09.949,1.5123,1.5127,1.00,3.20
2009.12.31 13:29:10.229,1.51225,1.5128,1.00,5.70
2009.12.31 13:29:10.568,1.51225,1.5128,1.00,2.10
2009.12.31 13:29:11.218,1.51225,1.5128,1.00,1.70
2009.12.31 13:29:13.897,1.5122,1.51275,1.00,1.00
2009.12.31 13:29:15.537,1.5122,1.5127,1.00,1.00
2009.12.31 13:29:19.626,1.5122,1.5127,1.00,1.00
2009.12.31 13:29:19.846,1.5123,1.5127,1.00,1.00
2009.12.31 13:29:20.246,1.51225,1.5127,1.00,1.00
2009.12.31 13:29:21.895,1.51225,1.5127,3.20,1.00
2009.12.31 13:29:22.056,1.51235,1.51275,1.00,1.60
2009.12.31 13:29:24.525,1.51245,1.51275,2.40,1.60
2009.12.31 13:29:24.805,1.51245,1.513,4.00,1.70
2009.12.31 13:29:25.535,1.51245,1.5129,1.60,1.60
2009.12.31 13:29:25.765,1.51235,1.5129,4.00,1.60
2009.12.31 13:29:25.985,1.5124,1.5129,2.70,2.80
2009.12.31 13:29:26.205,1.51245,1.5129,1.00,2.00
2009.12.31 13:29:26.614,1.51245,1.5129,1.00,1.60
2009.12.31 13:29:27.344,1.5124,1.51285,1.60,1.00
2009.12.31 13:29:27.684,1.5123,1.5129,1.00,8.00
2009.12.31 13:29:28.604,1.51235,1.51285,1.00,1.60
2009.12.31 13:29:29.524,1.51235,1.51285,1.00,1.70
2009.12.31 13:29:29.884,1.5124,1.51285,1.00,1.00
2009.12.31 13:29:30.233,1.51235,1.51285,1.00,1.00
2009.12.31 13:29:30.583,1.51235,1.51285,1.00,1.00
2009.12.31 13:29:32.774,1.51235,1.51285,1.00,1.00
2009.12.31 13:29:33.113,1.51235,1.51295,1.00,1.20
2009.12.31 13:29:33.343,1.51235,1.5129,1.00,1.20
2009.12.31 13:29:34.143,1.51225,1.51285,1.70,1.00
2009.12.31 13:29:34.542,1.51225,1.5128,1.70,1.00
2009.12.31 13:29:34.652,1.51225,1.5128,1.00,1.20
2009.12.31 13:29:34.943,1.5124,1.5128,1.00,1.20
2009.12.31 13:29:35.112,1.51235,1.5128,1.00,1.20
2009.12.31 13:29:35.222,1.51235,1.5128,4.50,1.00
2009.12.31 13:29:35.582,1.51255,1.51305,1.60,1.20
2009.12.31 13:29:35.932,1.51255,1.513,2.40,1.00
2009.12.31 13:29:36.272,1.5123,1.51295,2.00,1.00
2009.12.31 13:29:37.092,1.5123,1.5129,1.60,1.00
2009.12.31 13:29:37.332,1.51245,1.51305,1.00,1.00
2009.12.31 13:29:38.002,1.5125,1.5131,1.00,1.00
2009.12.31 13:29:39.631,1.51235,1.51295,1.00,1.00
2009.12.31 13:29:39.851,1.51225,1.51295,1.70,1.00
2009.12.31 13:29:40.081,1.51225,1.51295,1.60,1.00
2009.12.31 13:29:40.661,1.5124,1.513,1.00,1.20
2009.12.31 13:29:41.011,1.51245,1.513,1.00,1.00
2009.12.31 13:29:41.711,1.5125,1.51295,1.00,1.00
2009.12.31 13:29:42.061,1.5125,1.5131,1.00,1.20
2009.12.31 13:29:42.411,1.5125,1.5131,1.00,1.00
2009.12.31 13:29:43.840,1.5125,1.51315,1.00,1.20
2009.12.31 13:29:44.760,1.51255,1.51315,1.00,1.00
2009.12.31 13:29:44.880,1.51255,1.5131,1.00,1.00
2009.12.31 13:29:45.390,1.5125,1.51305,1.00,1.00
2009.12.31 13:29:47.519,1.51215,1.5134,1.70,1.00
2009.12.31 13:29:50.498,1.51235,1.51325,1.60,1.60
2009.12.31 13:29:52.408,1.51235,1.51325,1.60,1.70
2009.12.31 13:29:53.558,1.51235,1.5132,1.60,1.00
2009.12.31 13:29:54.118,1.5123,1.51315,1.00,1.60
2009.12.31 13:30:00.626,1.5123,1.5131,1.00,1.00
2009.12.31 13:30:00.976,1.5123,1.51305,1.00,1.60
2009.12.31 13:30:02.706,1.5122,1.513,1.00,1.00
2009.12.31 13:30:03.066,1.5123,1.51305,1.00,1.70
2009.12.31 13:30:03.926,1.5123,1.51295,1.00,1.60
2009.12.31 13:30:04.275,1.5123,1.51305,1.00,1.70
2009.12.31 13:30:04.916,1.5123,1.51295,1.00,1.60
2009.12.31 13:30:05.255,1.5123,1.51305,1.00,1.70
2009.12.31 13:30:05.925,1.51225,1.51305,1.60,1.70
2009.12.31 13:30:06.245,1.5119,1.5129,1.00,1.60
2009.12.31 13:30:06.875,1.5119,1.5128,1.00,1.60
2009.12.31 13:30:07.165,1.5118,1.5128,1.00,1.60
2009.12.31 13:30:08.144,1.5118,1.51275,1.00,1.60
2009.12.31 13:30:08.484,1.5118,1.51275,1.00,1.60
2009.12.31 13:30:09.114,1.51185,1.51285,1.60,1.60
2009.12.31 13:30:09.984,1.5118,1.5127,1.00,1.60
2009.12.31 13:30:10.214,1.51175,1.5127,1.70,1.60
2009.12.31 13:30:10.494,1.51185,1.5127,1.60,1.60
2009.12.31 13:30:11.284,1.51175,1.51265,1.60,1.60
2009.12.31 13:30:11.564,1.51185,1.51265,1.60,1.60
2009.12.31 13:30:11.834,1.51185,1.5126,1.60,1.00
2009.12.31 13:30:12.184,1.51195,1.5126,1.00,1.00
2009.12.31 13:30:15.333,1.512,1.51265,1.00,2.40
2009.12.31 13:30:16.872,1.512,1.51265,1.00,1.00
2009.12.31 13:30:17.272,1.51205,1.5127,1.00,1.00
2009.12.31 13:30:17.552,1.51205,1.51275,1.00,1.20
2009.12.31 13:30:18.172,1.51205,1.5127,1.00,1.00
2009.12.31 13:30:18.812,1.5119,1.51255,1.00,1.00
2009.12.31 13:30:19.542,1.5118,1.51245,1.00,2.40
2009.12.31 13:30:19.772,1.51155,1.5123,1.00,1.00
2009.12.31 13:30:20.512,1.51155,1.5123,1.00,1.20
2009.12.31 13:30:20.851,1.5115,1.5121,1.60,1.00
2009.12.31 13:30:21.201,1.5115,1.5121,1.60,1.60
2009.12.31 13:30:21.811,1.5115,1.51205,1.00,1.00
2009.12.31 13:30:22.041,1.51145,1.51205,1.00,1.60
2009.12.31 13:30:23.901,1.51145,1.512,1.00,1.00
2009.12.31 13:30:24.200,1.5114,1.512,1.00,1.60
2009.12.31 13:30:24.540,1.51135,1.51195,2.00,1.00
2009.12.31 13:30:24.891,1.51135,1.51195,1.00,1.60
2009.12.31 13:30:25.230,1.5113,1.5119,1.60,1.00
2009.12.31 13:30:26.150,1.5112,1.51175,1.00,1.00
2009.12.31 13:30:26.440,1.51115,1.5116,1.00,1.20
2009.12.31 13:30:26.660,1.51115,1.5116,1.00,1.00
2009.12.31 13:30:26.830,1.51115,1.5116,1.60,1.00
2009.12.31 13:30:27.000,1.51105,1.5116,2.40,1.00
2009.12.31 13:30:27.180,1.51105,1.5116,1.60,1.00
2009.12.31 13:30:27.940,1.51105,1.5116,1.70,1.60
2009.12.31 13:30:28.629,1.51105,1.5116,1.00,1.60
2009.12.31 13:30:29.199,1.51105,1.51155,1.00,1.00
2009.12.31 13:30:31.199,1.51105,1.51155,1.00,1.60
2009.12.31 13:30:31.553,1.51105,1.51155,1.00,1.00
2009.12.31 13:30:31.899,1.51105,1.51155,1.00,1.00
2009.12.31 13:30:32.279,1.5111,1.5116,1.00,1.00
2009.12.31 13:30:32.518,1.51105,1.51155,2.10,1.00
2009.12.31 13:30:32.699,1.51105,1.51155,2.00,1.00
2009.12.31 13:30:33.038,1.51105,1.5116,1.60,2.00
2009.12.31 13:30:33.378,1.51105,1.5116,2.50,1.00
2009.12.31 13:30:33.778,1.51105,1.51165,2.50,1.60
2009.12.31 13:30:34.008,1.51115,1.51165,1.60,1.00
2009.12.31 13:30:34.188,1.5112,1.51175,1.00,1.00
2009.12.31 13:30:34.408,1.51125,1.51175,1.00,1.00
2009.12.31 13:30:34.648,1.51125,1.51175,2.80,1.00
2009.12.31 13:30:35.278,1.51135,1.51185,1.00,1.00
2009.12.31 13:30:35.668,1.5114,1.51195,1.20,1.00
2009.12.31 13:30:36.008,1.5114,1.512,1.00,1.70
2009.12.31 13:30:36.408,1.5114,1.512,1.00,1.60
2009.12.31 13:30:36.628,1.5114,1.512,1.00,1.70
2009.12.31 13:30:39.277,1.51135,1.51195,3.70,1.00
2009.12.31 13:30:39.447,1.51135,1.5119,3.30,1.60
2009.12.31 13:30:39.627,1.5113,1.5118,1.00,1.00
2009.12.31 13:30:39.857,1.51125,1.5118,1.70,1.00
2009.12.31 13:30:41.256,1.51125,1.51175,1.70,1.00
2009.12.31 13:30:41.427,1.51125,1.51175,1.00,1.00
2009.12.31 13:30:43.436,1.5112,1.51175,1.00,1.00
2009.12.31 13:30:47.685,1.5112,1.5118,1.60,1.70
2009.12.31 13:30:48.715,1.5112,1.51175,1.00,1.00
2009.12.31 13:30:48.885,1.5112,1.5118,1.60,1.70
2009.12.31 13:30:49.234,1.5112,1.5118,1.60,2.80
2009.12.31 13:30:49.624,1.51125,1.5118,1.00,1.70
2009.12.31 13:30:49.804,1.51125,1.5118,1.00,1.00
2009.12.31 13:30:50.154,1.51135,1.5119,1.00,1.00
2009.12.31 13:30:50.494,1.51135,1.5119,1.00,1.00
2009.12.31 13:30:50.904,1.5114,1.51195,1.60,1.00
2009.12.31 13:30:51.824,1.51135,1.51195,8.30,1.00
2009.12.31 13:30:52.624,1.51145,1.512,1.00,1.00
2009.12.31 13:30:53.014,1.5114,1.51195,1.60,1.00
2009.12.31 13:30:53.254,1.5114,1.5119,1.00,1.00
2009.12.31 13:30:53.483,1.51135,1.51195,2.40,1.00
2009.12.31 13:30:53.755,1.51135,1.51195,3.90,1.70
2009.12.31 13:30:54.334,1.51135,1.5119,1.70,2.00
2009.12.31 13:30:54.673,1.51135,1.51185,1.60,1.00
2009.12.31 13:30:54.953,1.51135,1.5119,1.00,1.30
2009.12.31 13:30:55.303,1.51155,1.5119,1.00,2.00
2009.12.31 13:30:55.663,1.51175,1.51195,1.00,1.00
2009.12.31 13:30:56.013,1.5117,1.5122,1.00,1.00
2009.12.31 13:30:56.373,1.51175,1.5122,2.30,1.00
2009.12.31 13:30:56.723,1.51175,1.51225,1.60,1.00
2009.12.31 13:30:57.253,1.5117,1.5122,1.00,1.00
2009.12.31 13:30:57.603,1.51155,1.51205,1.60,1.20
2009.12.31 13:30:57.842,1.5115,1.51205,1.00,1.20
2009.12.31 13:30:58.143,1.51155,1.51205,1.00,1.20
2009.12.31 13:30:58.482,1.5117,1.51205,1.00,1.20
2009.12.31 13:30:58.833,1.5117,1.51215,1.00,1.00
2009.12.31 13:30:59.123,1.5116,1.5119,1.00,1.00
2009.12.31 13:30:59.473,1.51115,1.5118,1.00,1.00
2009.12.31 13:30:59.822,1.51115,1.51185,1.60,1.60
2009.12.31 13:31:00.162,1.51115,1.5117,1.00,1.60
2009.12.31 13:31:00.861,1.51115,1.51165,1.70,1.00
2009.12.31 13:31:01.541,1.51125,1.5116,1.60,1.00
2009.12.31 13:31:01.831,1.51115,1.5115,1.60,1.00
2009.12.31 13:31:02.656,1.511,1.51145,1.30,1.00
2009.12.31 13:31:02.991,1.51105,1.51155,1.70,2.70
2009.12.31 13:31:03.211,1.51105,1.5116,1.60,2.00
2009.12.31 13:31:03.381,1.51115,1.5116,1.60,1.60
2009.12.31 13:31:03.541,1.51115,1.51155,1.60,1.10
2009.12.31 13:31:04.112,1.51115,1.51155,1.60,1.00
2009.12.31 13:31:04.451,1.51115,1.51155,1.60,1.90
2009.12.31 13:31:05.151,1.51105,1.51155,1.60,1.10
2009.12.31 13:31:05.481,1.51105,1.5116,1.60,2.70
2009.12.31 13:31:07.740,1.51105,1.51155,1.60,1.00
2009.12.31 13:31:08.780,1.51125,1.5118,2.40,1.00
2009.12.31 13:31:09.310,1.51125,1.51185,2.40,1.00
2009.12.31 13:31:09.430,1.51125,1.5119,1.60,1.00
2009.12.31 13:31:09.540,1.51125,1.51185,1.00,1.00
2009.12.31 13:31:09.660,1.5112,1.51185,2.40,1.00
2009.12.31 13:31:09.940,1.51135,1.5118,1.30,1.00
2009.12.31 13:31:10.280,1.5114,1.5118,1.00,1.00
2009.12.31 13:31:10.609,1.5114,1.51185,1.00,1.00
2009.12.31 13:31:10.939,1.51145,1.51185,1.00,1.00
2009.12.31 13:31:11.809,1.51145,1.5119,1.30,1.00
2009.12.31 13:31:12.029,1.5115,1.51195,1.00,1.20
2009.12.31 13:31:12.419,1.51155,1.512,1.00,1.00
2009.12.31 13:31:13.059,1.5116,1.512,1.00,1.00
2009.12.31 13:31:13.239,1.51175,1.51205,1.00,1.00
2009.12.31 13:31:16.818,1.5117,1.51205,1.20,1.00
2009.12.31 13:31:16.928,1.5117,1.51205,1.00,1.00
2009.12.31 13:31:19.827,1.51175,1.51205,1.00,1.00
2009.12.31 13:31:20.497,1.5116,1.512,1.60,1.00
2009.12.31 13:31:21.417,1.5116,1.512,1.60,1.00
2009.12.31 13:31:21.886,1.5116,1.51195,1.60,1.00
2009.12.31 13:31:23.236,1.5115,1.512,2.10,1.70
2009.12.31 13:31:23.627,1.5115,1.51185,1.60,1.00
2009.12.31 13:31:24.206,1.5115,1.5119,1.60,1.00
2009.12.31 13:31:24.426,1.5115,1.5118,1.60,1.00
2009.12.31 13:31:24.656,1.5114,1.5118,4.00,1.00
2009.12.31 13:31:25.746,1.51145,1.51185,1.00,1.20
2009.12.31 13:31:26.076,1.5114,1.5117,4.00,1.00
2009.12.31 13:31:26.406,1.5114,1.51175,4.00,4.00
2009.12.31 13:31:26.576,1.5114,1.51175,4.00,1.00
2009.12.31 13:31:26.686,1.5114,1.5118,4.00,1.00
2009.12.31 13:31:27.195,1.51125,1.5118,1.00,1.00
2009.12.31 13:31:28.245,1.51125,1.5117,1.00,1.00
2009.12.31 13:31:28.935,1.5112,1.51165,1.00,1.00
2009.12.31 13:31:29.825,1.5112,1.5116,1.00,1.00
2009.12.31 13:31:30.745,1.5112,1.5115,1.00,1.00
2009.12.31 13:31:31.074,1.51105,1.5116,1.70,9.70
