2014.12.22 05:00:02.100,1.41956,1.41979,1.19,1.00
2014.12.22 05:00:04.186,1.41956,1.41979,1.19,1.00
2014.12.22 05:00:05.232,1.41956,1.41979,1.00,1.00
2014.12.22 05:00:06.538,1.41955,1.41978,1.19,1.00
2014.12.22 05:00:06.743,1.41955,1.41975,1.00,1.00
2014.12.22 05:00:06.793,1.41949,1.41975,1.19,1.00
2014.12.22 05:00:06.945,1.4195,1.41973,1.19,1.00
2014.12.22 05:00:07.756,1.41949,1.41972,1.19,1.00
2014.12.22 05:00:08.196,1.41948,1.41972,1.19,1.00
2014.12.22 05:00:08.247,1.41948,1.4197,1.19,1.00
2014.12.22 05:00:08.719,1.41949,1.41973,1.19,1.00
2014.12.22 05:00:09.510,1.41947,1.41971,1.19,1.00
2014.12.22 05:00:10.222,1.41946,1.41969,1.19,1.00
2014.12.22 05:00:11.203,1.41945,1.41969,1.19,1.00
2014.12.22 05:00:11.834,1.41949,1.41972,1.00,1.00
2014.12.22 05:00:13.841,1.41947,1.41971,1.19,1.00
2014.12.22 05:00:14.223,1.41946,1.41971,1.19,1.00
2014.12.22 05:00:14.758,1.41946,1.41972,1.19,1.50
2014.12.22 05:00:14.935,1.41949,1.41972,1.00,1.00
2014.12.22 05:00:15.598,1.41949,1.41973,1.00,1.00
2014.12.22 05:00:16.169,1.41949,1.41974,1.00,1.00
2014.12.22 05:00:16.505,1.41951,1.41971,1.00,1.00
2014.12.22 05:00:16.657,1.41951,1.41973,1.00,1.00
2014.12.22 05:00:16.962,1.41951,1.41976,1.00,1.00
2014.12.22 05:00:17.525,1.4195,1.41975,1.00,1.00
2014.12.22 05:00:19.528,1.4195,1.41973,1.00,1.00
2014.12.22 05:00:24.843,1.41951,1.41973,1.00,1.00
2014.12.22 05:00:30.537,1.4195,1.41973,1.00,1.00
2014.12.22 05:00:33.939,1.41949,1.41973,1.25,1.00
2014.12.22 05:00:34.509,1.4195,1.41973,1.00,1.00
2014.12.22 05:00:38.564,1.41951,1.41973,1.00,1.00
2014.12.22 05:00:39.267,1.4195,1.41973,1.00,1.00
2014.12.22 05:00:41.117,1.41951,1.41973,1.00,1.00
2014.12.22 05:00:41.858,1.41949,1.41973,1.00,1.00
2014.12.22 05:00:46.821,1.41951,1.41973,1.00,1.00
2014.12.22 05:00:47.334,1.41952,1.41973,1.00,1.00
2014.12.22 05:00:56.738,1.4195,1.41973,1.00,1.00
2014.12.22 05:00:57.247,1.41951,1.41973,1.00,1.00
2014.12.22 05:00:57.397,1.41953,1.41973,1.00,1.00
2014.12.22 05:00:58.876,1.41951,1.41973,1.00,1.00
2014.12.22 05:01:03.595,1.41953,1.41973,1.00,1.00
2014.12.22 05:01:07.340,1.41951,1.41973,1.00,1.00
2014.12.22 05:01:07.543,1.41953,1.41973,1.00,1.00
2014.12.22 05:01:07.594,1.41953,1.41976,1.00,1.00
2014.12.22 05:01:08.221,1.41952,1.41975,1.00,1.00
2014.12.22 05:01:08.642,1.4195,1.41975,1.25,1.00
2014.12.22 05:01:08.695,1.4195,1.41973,1.25,1.00
2014.12.22 05:01:09.099,1.41948,1.41972,1.00,1.00
2014.12.22 05:01:10.635,1.41948,1.41974,1.00,1.00
2014.12.22 05:01:12.489,1.4195,1.41974,1.00,1.00
2014.12.22 05:01:13.608,1.41949,1.41974,1.00,1.00
2014.12.22 05:01:14.936,1.4195,1.41974,1.00,1.00
2014.12.22 05:01:16.427,1.41949,1.41974,1.00,1.00
2014.12.22 05:01:18.443,1.41948,1.41974,1.25,1.50
2014.12.22 05:01:20.768,1.41949,1.41974,1.00,1.00
2014.12.22 05:01:22.147,1.41948,1.41974,1.00,1.50
2014.12.22 05:01:22.658,1.41949,1.41973,1.00,1.00
2014.12.22 05:01:23.172,1.41948,1.41973,1.25,1.00
2014.12.22 05:01:23.679,1.41949,1.41973,1.00,1.00
2014.12.22 05:01:24.567,1.41948,1.41973,1.25,1.00
2014.12.22 05:01:25.193,1.41949,1.41973,1.25,1.00
2014.12.22 05:01:26.738,1.41948,1.41973,1.25,1.00
2014.12.22 05:01:33.508,1.41949,1.41973,1.00,1.00
2014.12.22 05:01:33.559,1.41949,1.41975,1.00,1.00
2014.12.22 05:01:36.566,1.4195,1.41975,1.00,1.00
2014.12.22 05:01:37.076,1.4195,1.41976,1.00,1.00
2014.12.22 05:01:56.389,1.4195,1.41977,1.25,1.00
2014.12.22 05:01:56.599,1.41952,1.41977,1.00,1.00
2014.12.22 05:01:57.707,1.41954,1.41977,1.00,1.00
2014.12.22 05:01:58.280,1.41954,1.41978,1.00,1.00
2014.12.22 05:01:59.339,1.41952,1.41978,1.00,1.19
2014.12.22 05:01:59.440,1.41954,1.41977,1.00,1.19
2014.12.22 05:02:03.544,1.41952,1.41977,1.00,1.19
2014.12.22 05:02:07.922,1.41952,1.41975,1.00,1.19
2014.12.22 05:02:09.963,1.41952,1.41974,1.00,1.19
2014.12.22 05:02:10.939,1.41952,1.41974,1.00,1.19
2014.12.22 05:02:11.930,1.41952,1.41974,1.00,1.19
2014.12.22 05:02:14.936,1.41952,1.41974,1.00,1.19
2014.12.22 05:02:15.937,1.41952,1.41974,1.00,1.19
2014.12.22 05:02:17.956,1.41952,1.41975,1.00,1.19
2014.12.22 05:02:21.948,1.41952,1.41975,1.00,1.19
2014.12.22 05:02:23.000,1.41952,1.41975,1.00,1.19
2014.12.22 05:02:25.053,1.41952,1.41976,1.00,1.19
2014.12.22 05:02:26.055,1.41952,1.41976,1.00,1.19
2014.12.22 05:02:28.059,1.41952,1.41976,1.00,1.19
2014.12.22 05:02:30.389,1.41952,1.41975,1.00,1.19
2014.12.22 05:02:39.488,1.41952,1.41977,1.00,1.19
2014.12.22 05:02:41.482,1.41952,1.41977,1.00,1.19
2014.12.22 05:02:44.489,1.41952,1.41977,1.00,1.19
2014.12.22 05:02:47.495,1.41952,1.41977,1.00,1.19
2014.12.22 05:02:48.496,1.41952,1.41977,1.00,1.19
2014.12.22 05:02:48.997,1.41951,1.41977,1.00,1.19
2014.12.22 05:02:49.931,1.41947,1.41975,1.00,1.19
2014.12.22 05:02:50.032,1.41947,1.41975,1.00,1.19
2014.12.22 05:02:50.607,1.41946,1.41973,1.50,1.19
2014.12.22 05:02:50.921,1.41951,1.41973,1.00,1.19
2014.12.22 05:02:51.772,1.41951,1.41976,1.00,1.19
2014.12.22 05:02:55.010,1.41953,1.41976,1.00,1.19
2014.12.22 05:02:55.549,1.41954,1.41978,1.00,1.19
2014.12.22 05:02:55.880,1.41954,1.41978,1.00,1.19
2014.12.22 05:02:56.381,1.41953,1.41978,1.00,1.19
2014.12.22 05:02:56.882,1.41954,1.41978,1.00,1.19
2014.12.22 05:02:57.385,1.41953,1.41976,1.00,1.19
2014.12.22 05:03:01.597,1.41954,1.41977,1.00,1.19
2014.12.22 05:03:02.166,1.41953,1.41977,1.00,1.19
2014.12.22 05:03:02.922,1.41953,1.41977,1.00,1.19
2014.12.22 05:03:03.262,1.41951,1.41977,1.00,1.19
2014.12.22 05:03:03.567,1.41953,1.41977,1.00,1.19
2014.12.22 05:03:05.257,1.41951,1.41977,1.00,1.19
2014.12.22 05:03:05.957,1.41952,1.41977,1.00,1.19
2014.12.22 05:03:06.577,1.41951,1.41974,1.00,1.19
2014.12.22 05:03:06.884,1.41953,1.41974,1.00,1.19
2014.12.22 05:03:08.515,1.41951,1.41976,1.00,1.19
2014.12.22 05:03:08.846,1.41953,1.41974,1.00,1.19
2014.12.22 05:03:09.304,1.41951,1.41974,1.00,1.19
2014.12.22 05:03:09.658,1.41953,1.41977,1.00,1.19
2014.12.22 05:03:10.516,1.41951,1.41974,1.00,1.19
2014.12.22 05:03:10.869,1.41953,1.41974,1.00,1.19
2014.12.22 05:03:12.176,1.41955,1.41976,1.00,1.19
2014.12.22 05:03:12.632,1.41953,1.41974,1.00,1.19
2014.12.22 05:03:12.937,1.41955,1.41974,1.00,1.19
2014.12.22 05:03:13.492,1.41954,1.41976,1.00,1.19
2014.12.22 05:03:14.002,1.41955,1.41976,1.00,1.19
2014.12.22 05:03:14.510,1.41956,1.41976,1.00,1.19
2014.12.22 05:03:15.700,1.41955,1.41977,1.00,1.19
2014.12.22 05:03:16.969,1.41955,1.41973,1.00,1.19
2014.12.22 05:03:17.458,1.41951,1.41973,1.00,1.19
2014.12.22 05:03:17.985,1.41951,1.41973,1.00,1.19
2014.12.22 05:03:18.745,1.4195,1.41973,1.00,1.19
2014.12.22 05:03:18.897,1.41952,1.41973,1.00,1.19
2014.12.22 05:03:19.613,1.41952,1.41973,1.00,1.19
2014.12.22 05:03:19.978,1.41954,1.41973,1.00,1.19
2014.12.22 05:03:30.946,1.41954,1.41974,1.00,1.19
2014.12.22 05:03:32.951,1.41954,1.41974,1.00,1.19
2014.12.22 05:03:33.988,1.41954,1.41974,1.00,1.19
2014.12.22 05:03:34.955,1.41954,1.41974,1.00,1.19
2014.12.22 05:03:37.051,1.41951,1.41974,1.00,1.19
2014.12.22 05:03:39.062,1.41951,1.41974,1.00,1.19
2014.12.22 05:03:39.690,1.4195,1.41974,1.00,1.19
2014.12.22 05:03:41.016,1.4195,1.41974,1.00,1.19
2014.12.22 05:03:43.020,1.4195,1.41973,1.00,1.19
2014.12.22 05:03:44.022,1.4195,1.41973,1.00,1.19
2014.12.22 05:03:45.024,1.4195,1.41973,1.00,1.19
2014.12.22 05:03:48.029,1.4195,1.41973,1.00,1.19
2014.12.22 05:03:53.037,1.4195,1.41974,1.00,1.19
2014.12.22 05:03:56.144,1.4195,1.41974,1.00,1.19
2014.12.22 05:03:56.672,1.41951,1.41974,1.00,1.19
2014.12.22 05:03:57.184,1.41951,1.41974,1.00,1.19
2014.12.22 05:03:58.182,1.4195,1.41974,1.00,1.19
2014.12.22 05:03:59.190,1.4195,1.41974,1.00,1.19
2014.12.22 05:04:01.495,1.4195,1.41974,1.00,1.19
2014.12.22 05:04:02.463,1.4195,1.41974,1.00,1.19
2014.12.22 05:04:03.465,1.4195,1.41974,1.00,1.19
2014.12.22 05:04:04.513,1.4195,1.41974,1.00,1.19
2014.12.22 05:04:07.485,1.4195,1.41973,1.00,1.00
2014.12.22 05:04:07.586,1.41951,1.41973,1.00,1.19
2014.12.22 05:04:07.688,1.41951,1.41973,1.00,1.25
2014.12.22 05:04:09.679,1.41951,1.41978,1.00,1.69
2014.12.22 05:04:18.729,1.41951,1.41978,1.00,1.69
2014.12.22 05:04:19.696,1.41951,1.41977,1.00,1.19
2014.12.22 05:04:26.516,1.41951,1.41977,1.00,1.00
2014.12.22 05:04:26.567,1.41956,1.41977,1.00,1.00
2014.12.22 05:04:26.769,1.41954,1.41977,1.00,1.19
2014.12.22 05:04:27.136,1.41953,1.41977,1.00,1.19
2014.12.22 05:04:27.415,1.41953,1.41978,1.00,1.19
2014.12.22 05:04:28.001,1.41955,1.41978,1.00,1.19
2014.12.22 05:04:28.103,1.41952,1.41977,1.00,1.19
2014.12.22 05:04:28.153,1.41952,1.41977,1.00,1.19
2014.12.22 05:04:28.204,1.4195,1.41977,1.00,1.69
2014.12.22 05:04:28.507,1.41952,1.41978,1.00,1.19
2014.12.22 05:04:28.558,1.41952,1.41978,1.00,1.19
2014.12.22 05:04:28.659,1.41955,1.41981,1.00,1.19
2014.12.22 05:04:28.760,1.41953,1.4198,1.00,1.19
2014.12.22 05:04:28.962,1.41956,1.4198,1.00,1.19
2014.12.22 05:04:29.266,1.41958,1.41981,1.00,1.19
2014.12.22 05:04:29.528,1.41954,1.4198,1.00,1.19
2014.12.22 05:04:29.630,1.4195,1.41977,1.00,1.19
2014.12.22 05:04:29.934,1.4195,1.41977,1.00,1.69
2014.12.22 05:04:30.513,1.41949,1.41976,1.00,1.19
2014.12.22 05:04:31.920,1.41949,1.41976,1.00,1.19
2014.12.22 05:04:41.475,1.41949,1.41976,1.00,1.69
2014.12.22 05:04:41.526,1.41954,1.41976,1.00,1.19
2014.12.22 05:04:41.628,1.41949,1.41976,1.00,1.19
2014.12.22 05:04:41.938,1.41953,1.41977,1.00,1.19
2014.12.22 05:04:42.240,1.41963,1.41982,1.00,1.19
2014.12.22 05:04:42.291,1.41957,1.41982,1.00,1.19
2014.12.22 05:04:44.133,1.41955,1.41984,1.00,1.19
2014.12.22 05:04:44.782,1.41955,1.41984,1.00,1.19
2014.12.22 05:04:45.617,1.41955,1.41984,1.00,1.19
2014.12.22 05:04:46.123,1.41954,1.41982,1.00,1.19
2014.12.22 05:04:46.674,1.41954,1.41982,1.00,1.19
2014.12.22 05:04:49.134,1.41955,1.41982,1.00,1.19
2014.12.22 05:04:50.977,1.41954,1.41982,1.00,1.69
2014.12.22 05:04:51.834,1.41955,1.41982,1.00,1.69
2014.12.22 05:04:52.977,1.41955,1.41982,1.00,1.69
2014.12.22 05:04:54.980,1.41955,1.41982,1.00,1.19
2014.12.22 05:04:56.893,1.41954,1.41982,1.00,1.19
2014.12.22 05:04:57.449,1.41955,1.41982,1.00,1.19
2014.12.22 05:04:58.201,1.41954,1.41982,1.00,1.19
2014.12.22 05:04:59.972,1.41955,1.41982,1.00,1.19
2014.12.22 05:05:00.963,1.41954,1.41982,1.00,1.19
2014.12.22 05:05:01.564,1.41955,1.41982,1.00,1.19
2014.12.22 05:05:03.999,1.41955,1.41982,1.00,1.19
2014.12.22 05:05:12.014,1.41955,1.41982,1.00,1.19
2014.12.22 05:05:21.133,1.41955,1.41982,1.00,1.19
2014.12.22 05:05:25.096,1.41955,1.41982,1.00,1.19
2014.12.22 05:05:27.101,1.41955,1.41982,1.00,1.19
2014.12.22 05:05:28.110,1.41955,1.41982,1.00,1.19
2014.12.22 05:05:30.110,1.41955,1.41982,1.00,1.19
2014.12.22 05:05:31.410,1.41955,1.41982,1.00,1.19
2014.12.22 05:05:33.412,1.41955,1.41982,1.00,1.19
2014.12.22 05:05:38.421,1.41955,1.41982,1.00,1.19
2014.12.22 05:05:39.422,1.41955,1.41982,1.00,1.19
2014.12.22 05:05:39.723,1.41955,1.41982,1.00,1.19
2014.12.22 05:05:39.945,1.4195,1.41975,1.00,1.19
2014.12.22 05:05:39.996,1.41945,1.41975,1.50,1.19
2014.12.22 05:05:40.047,1.41945,1.41971,1.00,1.19
2014.12.22 05:05:40.097,1.41941,1.41971,2.25,1.19
2014.12.22 05:05:40.148,1.41944,1.4197,1.00,1.19
2014.12.22 05:05:40.351,1.41941,1.41972,1.50,1.19
2014.12.22 05:05:40.452,1.41941,1.41972,1.50,1.19
2014.12.22 05:05:40.675,1.41941,1.41972,1.00,1.19
2014.12.22 05:05:40.803,1.41945,1.41971,1.00,1.19
2014.12.22 05:05:41.267,1.41941,1.41968,1.50,1.19
2014.12.22 05:05:41.830,1.41941,1.41968,1.00,1.19
2014.12.22 05:05:44.534,1.4194,1.41967,1.00,1.19
2014.12.22 05:05:45.133,1.4194,1.41967,1.00,1.19
2014.12.22 05:05:45.184,1.41942,1.41969,1.00,1.19
2014.12.22 05:05:45.336,1.4194,1.41971,1.00,1.19
2014.12.22 05:05:46.740,1.4194,1.41971,1.00,1.19
2014.12.22 05:05:46.842,1.41945,1.41971,1.00,1.69
2014.12.22 05:05:48.069,1.41946,1.41973,1.00,1.69
2014.12.22 05:05:48.374,1.41946,1.41973,1.00,1.69
2014.12.22 05:05:48.922,1.41947,1.41973,1.00,1.19
2014.12.22 05:05:49.433,1.41947,1.41973,1.00,1.19
2014.12.22 05:05:50.133,1.41946,1.41973,1.00,1.69
2014.12.22 05:05:51.351,1.41946,1.41973,1.00,1.69
2014.12.22 05:05:52.118,1.41944,1.41972,1.00,1.19
2014.12.22 05:05:52.942,1.41944,1.41972,1.00,1.19
2014.12.22 05:05:54.973,1.41946,1.41973,1.00,1.69
2014.12.22 05:05:57.779,1.41946,1.41973,1.00,1.69
2014.12.22 05:05:57.880,1.41952,1.41974,1.00,1.19
2014.12.22 05:05:58.083,1.41956,1.41981,1.00,1.19
2014.12.22 05:05:58.184,1.41959,1.41981,1.00,1.19
2014.12.22 05:06:03.478,1.41959,1.41983,1.00,1.19
2014.12.22 05:06:10.176,1.41957,1.41983,1.00,1.19
2014.12.22 05:06:10.278,1.41955,1.41979,1.00,1.19
2014.12.22 05:06:11.360,1.41955,1.4198,1.00,1.19
2014.12.22 05:06:12.357,1.41955,1.4198,1.00,1.19
2014.12.22 05:06:14.360,1.41955,1.4198,1.00,1.19
2014.12.22 05:06:17.365,1.41955,1.4198,1.00,1.19
2014.12.22 05:06:19.368,1.41955,1.4198,1.00,1.19
2014.12.22 05:06:23.476,1.41954,1.4198,1.00,1.19
2014.12.22 05:06:24.425,1.41954,1.4198,1.00,1.31
2014.12.22 05:06:27.409,1.41954,1.4198,1.00,1.31
2014.12.22 05:06:29.423,1.41954,1.4198,1.00,1.31
2014.12.22 05:06:30.387,1.41954,1.4198,1.00,1.31
2014.12.22 05:06:31.845,1.41956,1.41982,1.00,1.31
2014.12.22 05:06:32.339,1.41956,1.41982,1.00,1.31
2014.12.22 05:06:34.733,1.41956,1.41982,1.00,1.56
2014.12.22 05:06:41.732,1.41956,1.41982,1.00,1.31
2014.12.22 05:06:45.275,1.41957,1.41982,1.00,1.31
2014.12.22 05:06:45.817,1.41956,1.41982,1.00,1.31
2014.12.22 05:06:51.827,1.41956,1.41983,1.00,1.56
2014.12.22 05:06:52.648,1.41954,1.41983,1.00,2.06
2014.12.22 05:06:57.339,1.41954,1.41983,1.00,2.06
2014.12.22 05:06:58.341,1.41954,1.41983,1.00,2.06
2014.12.22 05:07:00.345,1.41954,1.41983,1.00,2.06
2014.12.22 05:07:02.658,1.41954,1.41979,1.00,1.19
2014.12.22 05:07:02.911,1.4195,1.41977,1.00,1.31
2014.12.22 05:07:02.962,1.4195,1.41977,1.00,2.06
2014.12.22 05:07:03.614,1.41949,1.41976,1.00,1.56
2014.12.22 05:07:07.032,1.41949,1.41976,1.00,1.19
2014.12.22 05:07:11.018,1.41949,1.41976,1.00,1.19
2014.12.22 05:07:11.683,1.4195,1.41977,1.00,2.81
2014.12.22 05:07:12.215,1.4195,1.41977,1.00,2.81
2014.12.22 05:07:13.018,1.41949,1.41976,1.00,1.69
2014.12.22 05:07:13.716,1.41949,1.41976,1.00,1.69
2014.12.22 05:07:16.027,1.41949,1.41976,1.00,1.19
2014.12.22 05:07:17.030,1.41949,1.41976,1.00,1.19
2014.12.22 05:07:18.032,1.41949,1.41976,1.00,1.19
2014.12.22 05:07:19.034,1.41949,1.41976,1.00,1.19
2014.12.22 05:07:19.539,1.4195,1.41977,1.00,2.06
2014.12.22 05:07:20.103,1.41951,1.41976,1.00,1.19
2014.12.22 05:07:20.942,1.41952,1.41977,1.00,1.19
2014.12.22 05:07:21.486,1.41953,1.41978,1.00,1.19
2014.12.22 05:07:22.928,1.41952,1.41978,1.00,1.19
2014.12.22 05:07:23.944,1.41952,1.41978,1.00,1.19
2014.12.22 05:07:24.045,1.41954,1.41978,1.00,1.19
2014.12.22 05:07:24.595,1.4195,1.41978,1.52,1.19
2014.12.22 05:07:25.266,1.41946,1.41978,1.52,1.19
2014.12.22 05:07:25.820,1.41946,1.41978,1.67,1.19
2014.12.22 05:07:28.090,1.41952,1.41978,1.00,1.19
2014.12.22 05:07:28.310,1.41954,1.41978,1.00,1.19
2014.12.22 05:07:28.954,1.41954,1.41978,1.00,1.19
2014.12.22 05:07:29.630,1.41955,1.41978,1.00,1.19
2014.12.22 05:07:30.145,1.41955,1.41978,1.00,1.19
2014.12.22 05:07:30.747,1.41954,1.41978,1.00,1.19
2014.12.22 05:07:31.677,1.41954,1.41978,1.00,1.19
2014.12.22 05:07:35.983,1.41954,1.41978,1.00,1.19
2014.12.22 05:07:36.492,1.41955,1.41978,1.00,1.19
2014.12.22 05:07:37.024,1.41956,1.41978,1.00,1.19
2014.12.22 05:07:38.003,1.41956,1.41978,1.00,1.19
2014.12.22 05:07:38.271,1.41956,1.41978,1.00,1.19
2014.12.22 05:07:39.274,1.41956,1.41978,1.00,1.19
2014.12.22 05:07:42.279,1.41956,1.41978,1.00,1.19
2014.12.22 05:07:42.902,1.41955,1.41978,1.00,1.19
2014.12.22 05:07:43.410,1.41954,1.41978,1.00,1.19
2014.12.22 05:07:43.714,1.41952,1.41978,1.00,1.69
2014.12.22 05:07:43.983,1.41952,1.41978,1.00,1.69
2014.12.22 05:07:45.191,1.41951,1.41978,1.00,1.69
2014.12.22 05:07:46.283,1.4195,1.41977,1.00,1.19
2014.12.22 05:07:46.989,1.4195,1.41977,1.00,1.19
2014.12.22 05:07:48.221,1.41949,1.41975,1.00,1.19
2014.12.22 05:07:49.038,1.41949,1.41975,1.00,1.56
2014.12.22 05:07:49.871,1.4195,1.41977,1.00,2.06
2014.12.22 05:07:50.547,1.41949,1.41975,1.00,1.56
2014.12.22 05:07:51.314,1.41949,1.41975,1.00,1.56
2014.12.22 05:07:57.082,1.41949,1.41975,1.00,1.56
2014.12.22 05:07:57.504,1.41947,1.41974,1.00,1.69
2014.12.22 05:08:00.051,1.41947,1.41973,1.00,1.69
2014.12.22 05:08:02.055,1.41947,1.41973,1.00,1.69
2014.12.22 05:08:05.059,1.41947,1.41973,1.00,1.19
2014.12.22 05:08:06.061,1.41947,1.41973,1.00,1.19
2014.12.22 05:08:07.063,1.41947,1.41973,1.00,1.69
2014.12.22 05:08:08.065,1.41947,1.41973,1.00,1.69
2014.12.22 05:08:13.175,1.41947,1.41973,1.00,1.69
2014.12.22 05:08:14.177,1.41947,1.41973,1.00,2.06
2014.12.22 05:08:15.179,1.41947,1.41973,1.00,2.06
2014.12.22 05:08:16.230,1.41947,1.41973,1.00,1.31
2014.12.22 05:08:17.183,1.41947,1.41973,1.00,1.31
2014.12.22 05:08:21.229,1.41947,1.41973,1.00,2.06
2014.12.22 05:08:27.721,1.41946,1.41973,1.00,2.81
2014.12.22 05:08:28.369,1.41945,1.41972,1.00,1.31
2014.12.22 05:08:30.679,1.41944,1.41971,1.00,1.31
2014.12.22 05:08:32.211,1.41944,1.41971,1.00,1.31
2014.12.22 05:08:33.213,1.41944,1.41971,1.00,1.31
2014.12.22 05:08:35.216,1.41944,1.41971,1.00,1.31
2014.12.22 05:08:36.554,1.41944,1.41971,1.00,1.31
2014.12.22 05:08:38.522,1.41944,1.41971,1.00,1.31
2014.12.22 05:08:39.542,1.41944,1.41971,1.00,1.19
2014.12.22 05:08:46.232,1.41944,1.41971,1.00,1.31
2014.12.22 05:08:46.959,1.41945,1.41972,1.00,1.56
2014.12.22 05:08:47.499,1.41945,1.41972,1.00,1.56
2014.12.22 05:08:47.949,1.41943,1.41972,1.00,1.56
2014.12.22 05:08:49.338,1.41943,1.41972,1.00,2.06
2014.12.22 05:08:54.348,1.41943,1.41972,1.00,2.06
2014.12.22 05:08:55.350,1.41943,1.41972,1.00,2.06
2014.12.22 05:08:57.354,1.41943,1.41972,1.00,2.06
2014.12.22 05:08:58.356,1.41943,1.41972,1.00,1.56
2014.12.22 05:08:59.380,1.41943,1.41971,1.00,1.31
2014.12.22 05:09:00.397,1.41943,1.41971,1.00,1.31
2014.12.22 05:09:04.340,1.41945,1.41971,1.00,1.31
2014.12.22 05:09:04.864,1.41944,1.41971,1.00,2.06
2014.12.22 05:09:06.371,1.41944,1.41971,1.00,2.06
2014.12.22 05:09:09.185,1.41943,1.41969,1.00,1.19
2014.12.22 05:09:09.508,1.41943,1.41969,1.00,1.19
2014.12.22 05:09:12.391,1.41941,1.41967,1.00,1.94
2014.12.22 05:09:12.693,1.41938,1.41961,1.00,1.31
2014.12.22 05:09:12.946,1.4193,1.41957,1.00,1.56
2014.12.22 05:09:13.047,1.41927,1.41957,1.00,1.56
2014.12.22 05:09:13.199,1.41927,1.41957,1.00,1.56
2014.12.22 05:09:13.506,1.41925,1.41954,1.37,1.19
2014.12.22 05:09:14.129,1.41928,1.41955,1.00,1.69
2014.12.22 05:09:14.387,1.41928,1.41955,1.00,1.31
2014.12.22 05:09:18.394,1.41928,1.41955,1.00,1.31
2014.12.22 05:09:21.399,1.41928,1.41955,1.00,1.31
2014.12.22 05:09:26.409,1.41928,1.41955,1.00,1.31
2014.12.22 05:09:31.415,1.41927,1.41952,1.00,1.19
2014.12.22 05:09:31.516,1.41924,1.41952,1.00,1.31
2014.12.22 05:09:31.772,1.41926,1.41952,1.00,1.19
2014.12.22 05:09:33.529,1.41928,1.41954,1.00,1.31
2014.12.22 05:09:34.338,1.41928,1.41954,1.00,1.31
2014.12.22 05:09:41.501,1.41928,1.41954,1.00,2.06
2014.12.22 05:09:42.040,1.41927,1.41954,1.00,2.06
2014.12.22 05:09:42.656,1.41927,1.41954,1.00,2.06
2014.12.22 05:09:43.230,1.41928,1.41954,1.00,2.06
2014.12.22 05:09:46.518,1.41928,1.41954,1.00,1.19
2014.12.22 05:09:48.515,1.41928,1.41954,1.00,1.19
2014.12.22 05:09:51.564,1.41928,1.41954,1.00,1.19
2014.12.22 05:09:51.666,1.41926,1.41954,1.00,1.19
2014.12.22 05:09:51.996,1.41928,1.41954,1.00,1.19
2014.12.22 05:09:52.412,1.41923,1.41952,1.12,1.19
2014.12.22 05:09:52.678,1.41927,1.41952,1.00,1.19
2014.12.22 05:09:53.309,1.41928,1.41954,1.00,1.56
2014.12.22 05:09:53.849,1.4193,1.41957,1.00,2.14
2014.12.22 05:09:55.520,1.41929,1.41956,1.00,1.56
2014.12.22 05:09:56.038,1.41929,1.41956,1.00,1.56
2014.12.22 05:09:56.578,1.4193,1.41957,1.00,2.14
2014.12.22 05:09:57.570,1.4193,1.41957,1.00,2.14
2014.12.22 05:09:58.576,1.41929,1.41956,1.00,1.56
2014.12.22 05:09:59.337,1.41929,1.41956,1.00,2.06
2014.12.22 05:09:59.977,1.41929,1.41955,1.00,1.56
2014.12.22 05:10:03.739,1.4193,1.41955,1.00,1.56
2014.12.22 05:10:06.202,1.41931,1.41955,1.00,1.31
2014.12.22 05:10:06.979,1.41931,1.41956,1.00,2.06
2014.12.22 05:10:10.986,1.41931,1.41955,1.00,1.31
2014.12.22 05:10:14.004,1.41931,1.41955,1.00,1.31
2014.12.22 05:10:15.623,1.41931,1.41955,1.00,1.31
2014.12.22 05:10:16.633,1.41931,1.41955,1.00,1.31
2014.12.22 05:10:17.597,1.41931,1.41955,1.00,1.31
2014.12.22 05:10:18.600,1.41931,1.41955,1.00,1.31
2014.12.22 05:10:19.630,1.41931,1.41956,1.00,1.56
2014.12.22 05:10:22.637,1.41931,1.41956,1.00,2.06
2014.12.22 05:10:23.542,1.41931,1.41956,1.00,2.06
2014.12.22 05:10:25.216,1.4193,1.41956,1.00,2.06
2014.12.22 05:10:25.962,1.41931,1.41956,1.00,1.56
2014.12.22 05:10:27.691,1.41931,1.41956,1.00,1.56
2014.12.22 05:10:32.588,1.4193,1.41955,1.00,1.31
2014.12.22 05:10:35.665,1.4193,1.41955,1.00,1.31
2014.12.22 05:10:38.671,1.4193,1.41955,1.00,1.31
2014.12.22 05:10:40.675,1.4193,1.41956,1.00,2.06
2014.12.22 05:10:42.679,1.4193,1.41955,1.00,1.31
2014.12.22 05:10:44.682,1.4193,1.41955,1.00,1.31
2014.12.22 05:10:45.449,1.41929,1.41955,1.00,1.31
2014.12.22 05:10:45.965,1.41929,1.41955,1.00,1.56
2014.12.22 05:10:46.687,1.41929,1.41955,1.00,1.31
2014.12.22 05:10:47.689,1.41929,1.41954,1.00,1.19
2014.12.22 05:10:49.980,1.41928,1.41954,1.00,1.19
2014.12.22 05:10:50.695,1.41928,1.41952,1.00,1.19
2014.12.22 05:10:54.701,1.41928,1.41951,1.00,1.19
2014.12.22 05:10:56.750,1.41928,1.41951,1.00,1.19
2014.12.22 05:10:57.708,1.41928,1.41953,1.00,1.19
2014.12.22 05:10:58.319,1.41929,1.41953,1.00,1.19
2014.12.22 05:10:58.752,1.41929,1.41946,1.00,1.19
2014.12.22 05:10:58.853,1.41929,1.41946,1.00,1.25
2014.12.22 05:10:59.382,1.41928,1.41951,1.00,1.19
2014.12.22 05:10:59.903,1.41929,1.41951,1.00,1.19
2014.12.22 05:11:00.451,1.41929,1.41951,1.00,1.19
2014.12.22 05:11:01.433,1.41928,1.41952,1.00,1.19
2014.12.22 05:11:02.026,1.41929,1.41952,1.00,1.19
2014.12.22 05:11:02.528,1.41929,1.41949,1.00,1.31
2014.12.22 05:11:03.187,1.41928,1.4195,1.00,1.56
2014.12.22 05:11:04.521,1.41928,1.4195,1.00,1.19
2014.12.22 05:11:05.951,1.41928,1.41947,1.00,1.19
2014.12.22 05:11:06.052,1.41928,1.41949,1.00,1.19
2014.12.22 05:11:06.153,1.41928,1.41947,1.00,1.19
2014.12.22 05:11:07.159,1.41928,1.41947,1.00,1.19
2014.12.22 05:11:08.071,1.41928,1.41947,1.00,1.19
2014.12.22 05:11:08.656,1.41928,1.41948,1.00,1.19
2014.12.22 05:11:10.805,1.41928,1.41948,1.00,1.19
2014.12.22 05:11:11.605,1.41928,1.41948,1.00,1.19
2014.12.22 05:11:12.608,1.41928,1.41948,1.00,1.19
2014.12.22 05:11:13.610,1.41928,1.41948,1.00,1.19
2014.12.22 05:11:13.871,1.41925,1.41948,1.00,1.19
2014.12.22 05:11:14.048,1.41927,1.41948,1.00,1.19
2014.12.22 05:11:14.612,1.41927,1.41948,1.00,1.19
2014.12.22 05:11:16.615,1.41927,1.41948,1.00,1.19
2014.12.22 05:11:18.619,1.41927,1.41948,1.00,1.19
2014.12.22 05:11:19.449,1.41928,1.41948,1.00,1.19
2014.12.22 05:11:20.666,1.41928,1.41948,1.00,1.19
2014.12.22 05:11:21.624,1.41928,1.41948,1.00,1.19
2014.12.22 05:11:22.626,1.41928,1.41948,1.00,1.19
2014.12.22 05:11:23.564,1.41928,1.41948,1.00,1.19
2014.12.22 05:11:24.572,1.41928,1.41949,1.00,1.19
2014.12.22 05:11:24.875,1.4193,1.41954,1.00,1.56
2014.12.22 05:11:24.977,1.4193,1.41954,1.00,1.19
2014.12.22 05:11:25.280,1.41936,1.4196,1.00,3.15
2014.12.22 05:11:26.235,1.41936,1.41959,1.00,1.56
2014.12.22 05:11:26.928,1.41928,1.41955,1.00,1.56
2014.12.22 05:11:26.980,1.41927,1.41955,1.00,1.56
2014.12.22 05:11:27.030,1.41925,1.41952,1.00,1.19
2014.12.22 05:11:27.081,1.41925,1.41952,1.00,1.19
2014.12.22 05:11:27.390,1.41924,1.4195,1.00,1.19
2014.12.22 05:11:29.347,1.41924,1.4195,1.00,1.19
2014.12.22 05:11:29.557,1.41922,1.41949,1.00,1.19
2014.12.22 05:11:31.357,1.41922,1.41949,1.00,1.19
2014.12.22 05:11:33.350,1.41922,1.41949,1.00,1.19
2014.12.22 05:11:34.351,1.41922,1.41949,1.00,1.19
2014.12.22 05:11:42.787,1.41924,1.4195,1.00,1.69
2014.12.22 05:11:46.271,1.41924,1.4195,1.00,1.69
2014.12.22 05:11:47.274,1.41924,1.4195,1.00,1.69
2014.12.22 05:11:48.697,1.41922,1.41949,1.00,1.19
2014.12.22 05:11:50.313,1.41922,1.41949,1.00,1.19
2014.12.22 05:11:51.125,1.41924,1.4195,1.00,2.06
2014.12.22 05:11:51.557,1.41921,1.41948,1.00,1.19
2014.12.22 05:11:51.933,1.41923,1.41949,1.00,1.19
2014.12.22 05:11:52.767,1.41921,1.41948,1.00,1.19
2014.12.22 05:11:53.097,1.41923,1.41949,1.00,1.19
2014.12.22 05:11:53.578,1.41921,1.41948,1.00,1.19
2014.12.22 05:11:54.133,1.41922,1.41949,1.00,2.06
2014.12.22 05:11:54.927,1.41922,1.41947,1.00,1.19
2014.12.22 05:11:56.494,1.41922,1.41949,1.00,1.69
2014.12.22 05:11:57.993,1.41922,1.41949,1.00,1.69
2014.12.22 05:11:58.494,1.41922,1.41949,1.00,1.69
2014.12.22 05:11:59.529,1.41922,1.41949,1.00,1.69
2014.12.22 05:12:06.321,1.41925,1.41949,1.00,1.19
2014.12.22 05:12:06.372,1.41925,1.41949,1.00,1.19
2014.12.22 05:12:06.573,1.41926,1.41952,1.00,1.69
2014.12.22 05:12:07.144,1.41927,1.41952,1.00,1.19
2014.12.22 05:12:07.608,1.41928,1.41952,1.00,1.19
2014.12.22 05:12:08.312,1.41927,1.41952,1.00,1.19
2014.12.22 05:12:08.616,1.41927,1.41952,1.00,1.19
2014.12.22 05:12:09.590,1.41927,1.41952,1.00,1.19
2014.12.22 05:12:14.555,1.41931,1.41955,1.00,2.06
2014.12.22 05:12:14.606,1.41931,1.41955,1.00,2.06
2014.12.22 05:12:14.707,1.41933,1.41955,1.00,1.31
2014.12.22 05:12:14.808,1.41931,1.41955,1.00,1.31
2014.12.22 05:12:15.336,1.4193,1.41955,1.00,1.31
2014.12.22 05:12:15.846,1.4193,1.41955,1.00,1.31
2014.12.22 05:12:16.710,1.4193,1.41955,1.00,1.31
2014.12.22 05:12:17.626,1.4193,1.41956,1.00,1.56
2014.12.22 05:12:17.779,1.41928,1.41955,1.00,1.56
2014.12.22 05:12:18.512,1.41927,1.41954,1.00,1.56
2014.12.22 05:12:19.145,1.41927,1.41954,1.00,1.56
2014.12.22 05:12:22.478,1.41929,1.41955,1.00,1.56
2014.12.22 05:12:22.528,1.4193,1.41955,1.00,1.56
2014.12.22 05:12:22.579,1.41932,1.41958,1.00,1.56
2014.12.22 05:12:23.377,1.41931,1.41958,1.00,2.06
2014.12.22 05:12:23.609,1.41931,1.41958,1.00,2.06
2014.12.22 05:12:24.336,1.41932,1.41959,1.00,1.56
2014.12.22 05:12:24.997,1.41932,1.41959,1.00,1.56
2014.12.22 05:12:25.518,1.41933,1.4196,1.00,2.06
2014.12.22 05:12:26.036,1.41932,1.41959,1.00,1.56
2014.12.22 05:12:28.720,1.41932,1.41959,1.00,1.56
2014.12.22 05:12:29.365,1.41933,1.4196,1.00,2.06
2014.12.22 05:12:29.927,1.41932,1.41959,1.00,1.56
2014.12.22 05:12:30.472,1.41933,1.4196,1.00,1.56
2014.12.22 05:12:31.757,1.41933,1.4196,1.00,1.56
2014.12.22 05:12:33.730,1.41933,1.4196,1.00,1.69
2014.12.22 05:12:34.731,1.41933,1.4196,1.00,1.69
2014.12.22 05:12:35.733,1.41933,1.4196,1.00,1.69
2014.12.22 05:12:36.374,1.41932,1.41959,1.00,1.56
2014.12.22 05:12:37.738,1.41932,1.41959,1.00,1.56
2014.12.22 05:12:38.740,1.41932,1.41959,1.00,1.56
2014.12.22 05:12:40.444,1.41933,1.4196,1.00,1.56
2014.12.22 05:12:41.056,1.41933,1.4196,1.00,1.56
2014.12.22 05:12:41.396,1.41935,1.41961,1.00,3.19
2014.12.22 05:12:41.606,1.41933,1.4196,1.00,1.56
2014.12.22 05:12:43.433,1.41933,1.4196,1.00,1.56
2014.12.22 05:12:44.394,1.41933,1.4196,1.00,1.56
2014.12.22 05:12:45.826,1.41935,1.41961,1.00,3.19
2014.12.22 05:12:46.156,1.41933,1.4196,1.00,2.06
2014.12.22 05:12:46.665,1.41932,1.41959,1.00,1.56
2014.12.22 05:12:47.313,1.41933,1.4196,1.00,2.06
2014.12.22 05:12:47.949,1.41933,1.4196,1.00,1.56
2014.12.22 05:12:49.477,1.41935,1.41961,1.00,3.19
2014.12.22 05:12:49.588,1.41933,1.4196,1.00,1.56
2014.12.22 05:12:51.408,1.41933,1.4196,1.00,1.56
2014.12.22 05:12:55.416,1.41933,1.4196,1.00,1.56
2014.12.22 05:12:56.418,1.41933,1.4196,1.00,1.56
2014.12.22 05:12:57.452,1.41933,1.4196,1.00,1.56
2014.12.22 05:12:58.170,1.41932,1.41959,1.00,1.56
2014.12.22 05:12:59.355,1.41933,1.4196,1.00,1.56
2014.12.22 05:12:59.936,1.41933,1.4196,1.00,1.56
2014.12.22 05:13:10.555,1.41933,1.4196,1.00,1.56
2014.12.22 05:13:12.587,1.41933,1.4196,1.00,1.69
2014.12.22 05:13:13.558,1.41933,1.4196,1.00,1.69
2014.12.22 05:13:14.563,1.41933,1.4196,1.00,1.69
2014.12.22 05:13:15.567,1.41933,1.4196,1.00,1.69
2014.12.22 05:13:18.721,1.41935,1.41961,1.00,2.06
2014.12.22 05:13:19.633,1.41935,1.41961,1.00,1.56
2014.12.22 05:13:24.105,1.41936,1.41962,1.00,1.56
2014.12.22 05:13:24.650,1.41936,1.41962,1.00,1.56
2014.12.22 05:13:25.342,1.41935,1.41961,1.00,1.56
2014.12.22 05:13:28.608,1.41935,1.41961,1.00,2.06
2014.12.22 05:13:29.226,1.41933,1.4196,1.00,1.56
2014.12.22 05:13:30.075,1.41933,1.4196,1.00,1.56
2014.12.22 05:13:31.615,1.41933,1.4196,1.00,1.56
2014.12.22 05:13:32.266,1.4193,1.41957,1.00,1.19
2014.12.22 05:13:32.367,1.4193,1.41957,1.00,1.31
2014.12.22 05:13:32.726,1.41933,1.41955,1.00,1.19
2014.12.22 05:13:32.929,1.41933,1.41959,1.00,1.56
2014.12.22 05:13:33.450,1.41932,1.41958,1.00,1.31
2014.12.22 05:13:34.056,1.41932,1.41958,1.00,1.19
2014.12.22 05:13:34.557,1.41931,1.41958,1.00,1.69
2014.12.22 05:13:35.098,1.41932,1.41958,1.00,1.19
2014.12.22 05:13:36.762,1.41933,1.41958,1.00,1.19
2014.12.22 05:13:37.585,1.41933,1.41958,1.00,1.19
2014.12.22 05:13:38.333,1.41932,1.41958,1.00,1.19
2014.12.22 05:13:41.940,1.41932,1.41958,1.00,1.19
2014.12.22 05:13:45.746,1.41932,1.41961,1.00,2.81
2014.12.22 05:13:47.750,1.41932,1.41961,1.00,2.81
2014.12.22 05:13:48.753,1.41932,1.41961,1.00,2.06
2014.12.22 05:13:50.765,1.41932,1.41961,1.00,2.06
2014.12.22 05:13:53.949,1.41935,1.41961,1.00,2.06
2014.12.22 05:13:55.675,1.41933,1.4196,1.00,1.31
2014.12.22 05:13:59.745,1.41932,1.41959,1.00,1.19
2014.12.22 05:13:59.795,1.41932,1.41957,1.00,1.19
2014.12.22 05:14:00.099,1.41929,1.41953,1.00,1.19
2014.12.22 05:14:00.295,1.41927,1.41953,1.00,1.19
2014.12.22 05:14:00.562,1.41925,1.41952,1.00,1.19
2014.12.22 05:14:01.093,1.41924,1.41951,1.50,1.19
2014.12.22 05:14:01.712,1.41925,1.41952,1.00,1.19
2014.12.22 05:14:02.181,1.41927,1.41954,1.00,2.06
2014.12.22 05:14:02.944,1.41927,1.41954,1.00,2.06
2014.12.22 05:14:03.246,1.41929,1.41954,1.00,1.31
2014.12.22 05:14:03.957,1.41929,1.41955,1.00,1.56
2014.12.22 05:14:04.145,1.41934,1.41959,1.00,2.44
2014.12.22 05:14:04.196,1.41934,1.41959,1.00,2.06
2014.12.22 05:14:04.247,1.41934,1.41959,1.00,2.06
2014.12.22 05:14:04.449,1.41934,1.41962,1.00,2.06
2014.12.22 05:14:04.500,1.41937,1.41962,1.00,1.31
2014.12.22 05:14:04.652,1.41937,1.41962,1.00,1.31
2014.12.22 05:14:05.396,1.41935,1.41962,1.00,1.56
2014.12.22 05:14:05.949,1.41935,1.41962,1.00,1.56
2014.12.22 05:14:06.638,1.41935,1.41962,1.00,1.56
2014.12.22 05:14:07.265,1.41934,1.41962,1.00,1.31
2014.12.22 05:14:08.588,1.41933,1.41964,1.12,2.62
2014.12.22 05:14:11.649,1.41933,1.41963,1.12,1.56
2014.12.22 05:14:12.504,1.41934,1.41963,1.00,1.56
2014.12.22 05:14:14.654,1.41934,1.41964,1.00,1.56
2014.12.22 05:14:15.687,1.41934,1.41962,1.00,1.31
2014.12.22 05:14:17.275,1.41936,1.41962,1.00,1.31
2014.12.22 05:14:20.093,1.41935,1.41962,1.00,1.31
2014.12.22 05:14:20.686,1.41935,1.41962,1.00,2.06
2014.12.22 05:14:24.498,1.41936,1.41962,1.00,1.31
2014.12.22 05:14:25.070,1.41936,1.41962,1.00,1.31
2014.12.22 05:14:25.704,1.41935,1.41962,1.00,2.06
2014.12.22 05:14:27.243,1.41936,1.41962,1.00,1.31
2014.12.22 05:14:28.216,1.41936,1.41962,1.00,1.31
2014.12.22 05:14:28.680,1.41936,1.41962,1.00,1.31
2014.12.22 05:14:29.262,1.41937,1.41962,1.00,1.31
2014.12.22 05:14:37.796,1.41937,1.41962,1.00,1.31
2014.12.22 05:14:47.842,1.41936,1.41962,1.00,1.31
2014.12.22 05:14:50.818,1.41936,1.41962,1.00,1.31
2014.12.22 05:14:52.065,1.41936,1.41962,1.00,1.31
2014.12.22 05:14:52.734,1.41937,1.41962,1.00,1.31
2014.12.22 05:14:53.681,1.41938,1.41962,1.00,1.31
2014.12.22 05:14:58.043,1.41936,1.41962,1.00,1.31
2014.12.22 05:14:59.881,1.41936,1.41962,1.00,1.19
2014.12.22 05:15:01.886,1.41936,1.41962,1.00,1.19
2014.12.22 05:15:06.895,1.41936,1.41963,1.00,1.31
2014.12.22 05:15:08.898,1.41936,1.41963,1.00,1.31
2014.12.22 05:15:11.904,1.41936,1.41962,1.00,1.56
2014.12.22 05:15:12.906,1.41936,1.41962,1.00,1.56
2014.12.22 05:15:17.915,1.41936,1.41963,1.00,1.56
2014.12.22 05:15:20.596,1.41933,1.41959,1.00,1.31
2014.12.22 05:15:20.748,1.41935,1.41961,1.00,1.56
2014.12.22 05:15:20.951,1.41927,1.41955,1.25,1.25
2014.12.22 05:15:21.053,1.41927,1.41955,1.00,1.19
2014.12.22 05:15:21.103,1.41925,1.41955,1.00,2.06
2014.12.22 05:15:21.154,1.41924,1.41951,1.00,1.19
2014.12.22 05:15:25.654,1.41925,1.41953,1.00,1.19
2014.12.22 05:15:26.195,1.41924,1.41951,1.12,1.19
2014.12.22 05:15:27.937,1.41924,1.41951,1.12,1.19
2014.12.22 05:15:30.714,1.41926,1.41952,1.00,1.19
2014.12.22 05:15:31.250,1.41926,1.41952,1.00,1.19
2014.12.22 05:15:31.301,1.41924,1.41951,1.00,1.19
2014.12.22 05:15:31.453,1.41924,1.41951,1.37,1.00
2014.12.22 05:15:31.504,1.41929,1.41956,1.00,1.19
2014.12.22 05:15:31.555,1.41929,1.41956,1.12,1.19
2014.12.22 05:15:31.959,1.41926,1.41952,1.50,1.19
2014.12.22 05:15:32.262,1.41926,1.41952,1.00,1.19
2014.12.22 05:15:35.772,1.41927,1.41954,1.00,1.19
2014.12.22 05:15:36.295,1.41926,1.41952,1.00,1.19
2014.12.22 05:15:36.552,1.41923,1.41952,1.00,1.19
2014.12.22 05:15:36.857,1.41923,1.4195,1.00,1.19
2014.12.22 05:15:37.847,1.41921,1.41949,1.37,1.19
2014.12.22 05:15:38.481,1.41922,1.41949,1.12,1.19
2014.12.22 05:15:41.020,1.41922,1.41949,1.12,1.19
2014.12.22 05:15:45.035,1.4192,1.41948,1.37,1.19
2014.12.22 05:15:45.562,1.41922,1.41949,1.12,1.69
2014.12.22 05:15:46.029,1.41921,1.41948,1.37,1.19
2014.12.22 05:15:50.040,1.41921,1.41948,1.37,1.19
2014.12.22 05:15:51.060,1.41921,1.41948,1.37,1.19
2014.12.22 05:15:55.043,1.41921,1.41948,1.37,1.19
2014.12.22 05:15:56.872,1.41919,1.41947,1.87,1.19
2014.12.22 05:15:57.413,1.4192,1.41949,1.37,1.69
2014.12.22 05:15:58.058,1.4192,1.41949,1.37,1.69
2014.12.22 05:15:59.079,1.4192,1.41949,1.37,1.69
2014.12.22 05:16:00.053,1.41921,1.41948,1.12,1.19
2014.12.22 05:16:01.505,1.41922,1.41949,1.00,1.69
2014.12.22 05:16:03.161,1.41922,1.41949,1.00,1.69
2014.12.22 05:16:05.003,1.41921,1.41948,1.12,1.19
2014.12.22 05:16:05.854,1.41921,1.41948,1.12,1.19
2014.12.22 05:16:07.533,1.41922,1.41949,1.00,1.69
2014.12.22 05:16:09.207,1.41922,1.41949,1.00,1.69
2014.12.22 05:16:10.174,1.41921,1.41948,1.12,1.19
2014.12.22 05:16:14.181,1.41921,1.41948,1.12,1.19
2014.12.22 05:16:14.793,1.41922,1.41949,1.00,1.69
2014.12.22 05:16:16.184,1.41922,1.41949,1.12,1.69
2014.12.22 05:16:17.186,1.41922,1.41949,1.12,1.69
2014.12.22 05:16:20.091,1.41922,1.41949,1.12,1.69
2014.12.22 05:16:24.199,1.41921,1.41948,1.37,1.19
2014.12.22 05:16:26.048,1.41921,1.41948,1.12,1.19
2014.12.22 05:16:29.209,1.4192,1.41947,1.37,1.19
2014.12.22 05:16:38.338,1.4192,1.41947,1.37,1.19
2014.12.22 05:16:43.314,1.41921,1.41948,1.12,1.19
2014.12.22 05:16:44.316,1.4192,1.41947,1.37,1.19
2014.12.22 05:16:49.325,1.4192,1.41947,1.37,1.19
2014.12.22 05:16:52.330,1.41921,1.41948,1.12,1.19
2014.12.22 05:16:56.336,1.41921,1.41948,1.12,1.19
2014.12.22 05:16:58.339,1.41921,1.41948,1.12,1.19
2014.12.22 05:16:59.377,1.41921,1.41948,1.12,1.19
2014.12.22 05:17:06.353,1.4192,1.41947,1.37,1.19
2014.12.22 05:17:09.358,1.4192,1.41947,1.37,1.19
2014.12.22 05:17:10.360,1.4192,1.41947,1.37,1.19
2014.12.22 05:17:11.394,1.4192,1.41947,1.37,1.19
2014.12.22 05:17:12.363,1.4192,1.41947,1.37,1.19
2014.12.22 05:17:16.369,1.41921,1.41948,1.12,1.19
2014.12.22 05:17:24.484,1.41919,1.41945,1.37,1.19
2014.12.22 05:17:28.146,1.41919,1.41945,1.37,1.19
2014.12.22 05:17:30.143,1.4192,1.41947,1.37,1.19
2014.12.22 05:17:33.159,1.4192,1.41947,1.37,1.19
2014.12.22 05:17:34.148,1.4192,1.41947,1.37,1.19
2014.12.22 05:17:36.182,1.4192,1.41947,1.37,1.19
2014.12.22 05:17:37.155,1.4192,1.41947,1.37,1.19
2014.12.22 05:17:38.157,1.4192,1.41947,1.37,1.19
2014.12.22 05:17:39.158,1.4192,1.41947,1.37,1.19
2014.12.22 05:17:42.164,1.4192,1.41947,1.37,1.19
2014.12.22 05:17:44.183,1.4192,1.41947,1.37,1.19
2014.12.22 05:17:52.201,1.41919,1.41948,1.37,1.19
2014.12.22 05:17:52.483,1.41919,1.41948,1.37,1.19
2014.12.22 05:17:53.486,1.41919,1.41948,1.37,1.19
2014.12.22 05:17:55.490,1.41919,1.41948,1.37,1.19
2014.12.22 05:17:56.492,1.41919,1.41948,1.37,1.19
2014.12.22 05:17:58.496,1.41921,1.41948,1.12,1.19
2014.12.22 05:18:01.529,1.41921,1.41948,1.12,1.19
2014.12.22 05:18:02.505,1.41921,1.41948,1.12,1.19
2014.12.22 05:18:03.666,1.41921,1.41948,1.37,1.19
2014.12.22 05:18:06.512,1.41921,1.41948,1.37,1.19
2014.12.22 05:18:09.618,1.41922,1.41949,1.12,1.19
2014.12.22 05:18:10.619,1.41922,1.41949,1.12,1.19
2014.12.22 05:18:16.631,1.41921,1.41948,1.37,1.19
2014.12.22 05:18:21.657,1.41921,1.41948,1.37,1.19
2014.12.22 05:18:22.666,1.41921,1.41948,1.37,1.19
2014.12.22 05:18:26.625,1.4192,1.41947,1.37,1.19
2014.12.22 05:18:28.629,1.4192,1.41947,1.37,1.19
2014.12.22 05:18:29.632,1.41921,1.41948,1.37,1.19
2014.12.22 05:18:31.636,1.41921,1.41948,1.37,1.19
2014.12.22 05:18:32.639,1.41921,1.41948,1.37,1.19
2014.12.22 05:18:35.492,1.4192,1.41947,1.37,1.19
2014.12.22 05:18:38.493,1.4192,1.41947,1.37,1.19
2014.12.22 05:18:44.419,1.4192,1.41947,1.12,1.19
2014.12.22 05:18:44.960,1.41921,1.41948,1.12,1.19
2014.12.22 05:18:45.466,1.41921,1.41948,1.12,1.19
2014.12.22 05:18:47.469,1.41921,1.41948,1.12,1.19
2014.12.22 05:18:48.471,1.41921,1.41948,1.12,1.19
2014.12.22 05:18:49.473,1.41921,1.41948,1.37,1.19
2014.12.22 05:19:02.504,1.41921,1.41948,1.37,1.19
2014.12.22 05:19:03.497,1.41921,1.41948,1.37,1.19
2014.12.22 05:19:09.107,1.41921,1.41948,1.12,1.69
2014.12.22 05:19:12.515,1.4192,1.41947,1.37,1.19
2014.12.22 05:19:13.252,1.4192,1.41947,1.12,1.19
2014.12.22 05:19:13.756,1.4192,1.41946,1.12,1.19
2014.12.22 05:19:13.909,1.41927,1.41947,1.37,1.19
2014.12.22 05:19:13.960,1.41927,1.41947,1.75,1.00
2014.12.22 05:19:14.061,1.41931,1.41954,1.12,1.00
2014.12.22 05:19:14.112,1.41927,1.41954,2.81,1.00
2014.12.22 05:19:14.163,1.41927,1.41958,2.62,1.91
2014.12.22 05:19:14.214,1.4193,1.41958,1.00,1.91
2014.12.22 05:19:14.530,1.41936,1.41958,1.00,1.91
2014.12.22 05:19:15.930,1.41936,1.41958,1.37,1.91
2014.12.22 05:19:17.102,1.41935,1.41964,1.37,1.19
2014.12.22 05:19:24.437,1.41937,1.41964,1.12,1.19
2014.12.22 05:19:25.438,1.41937,1.41964,1.12,1.19
2014.12.22 05:19:38.459,1.41936,1.41963,1.37,1.19
2014.12.22 05:19:41.465,1.41936,1.41963,1.37,1.19
2014.12.22 05:19:44.510,1.41937,1.41964,1.12,1.19
2014.12.22 05:19:45.471,1.41937,1.41964,1.12,1.19
2014.12.22 05:19:46.192,1.41937,1.41964,1.00,1.56
2014.12.22 05:19:46.243,1.41933,1.4196,1.37,1.19
2014.12.22 05:19:46.684,1.41936,1.41963,1.00,1.19
2014.12.22 05:19:46.888,1.41931,1.41958,1.00,1.19
2014.12.22 05:19:47.577,1.41932,1.41959,1.00,1.19
2014.12.22 05:19:48.100,1.41932,1.41959,1.00,1.19
2014.12.22 05:19:53.987,1.41932,1.41959,1.12,1.19
2014.12.22 05:19:55.669,1.41933,1.4196,1.00,1.19
2014.12.22 05:19:56.310,1.41932,1.41959,1.12,1.19
2014.12.22 05:19:56.892,1.41932,1.41959,1.12,1.19
2014.12.22 05:19:58.896,1.41932,1.41959,1.12,1.19
2014.12.22 05:20:01.025,1.41932,1.41959,1.12,1.19
2014.12.22 05:20:01.534,1.41933,1.4196,1.00,1.19
2014.12.22 05:20:02.038,1.41932,1.41959,1.12,1.19
2014.12.22 05:20:03.260,1.41933,1.4196,1.00,1.19
2014.12.22 05:20:03.980,1.41932,1.41959,1.12,1.19
2014.12.22 05:20:04.910,1.41933,1.4196,1.00,1.19
2014.12.22 05:20:06.085,1.41933,1.4196,1.00,1.19
2014.12.22 05:20:07.000,1.41931,1.4196,1.37,1.19
2014.12.22 05:20:09.138,1.41933,1.4196,1.00,1.19
2014.12.22 05:20:09.970,1.41933,1.4196,1.37,1.19
2014.12.22 05:20:10.779,1.41932,1.41959,1.37,1.19
2014.12.22 05:20:14.096,1.41932,1.41959,1.37,1.19
2014.12.22 05:20:16.071,1.41931,1.41958,1.12,1.19
2014.12.22 05:20:16.324,1.4193,1.41956,1.37,1.19
2014.12.22 05:20:23.317,1.41928,1.41955,1.37,1.25
2014.12.22 05:20:26.322,1.41928,1.41955,1.37,1.19
2014.12.22 05:20:26.863,1.41928,1.41955,1.69,1.00
2014.12.22 05:20:26.964,1.41935,1.41961,1.00,1.19
2014.12.22 05:20:27.681,1.41936,1.41963,1.00,1.19
2014.12.22 05:20:28.201,1.41936,1.41963,1.37,1.19
2014.12.22 05:20:28.928,1.41935,1.41961,1.37,1.19
2014.12.22 05:20:29.371,1.41935,1.41961,1.12,1.19
2014.12.22 05:20:29.475,1.41935,1.41961,1.12,1.19
2014.12.22 05:20:30.431,1.41935,1.41961,1.12,1.19
2014.12.22 05:20:31.969,1.41936,1.41963,1.00,1.19
2014.12.22 05:20:33.022,1.41935,1.41961,1.12,1.19
2014.12.22 05:20:34.060,1.41936,1.41963,1.00,1.19
2014.12.22 05:20:34.779,1.41935,1.41961,1.12,1.19
2014.12.22 05:20:35.441,1.41935,1.41961,1.12,1.19
2014.12.22 05:20:36.039,1.41936,1.41963,1.00,1.19
2014.12.22 05:20:36.740,1.41935,1.41961,1.12,1.19
2014.12.22 05:20:38.080,1.41936,1.41963,1.00,1.19
2014.12.22 05:20:39.448,1.41935,1.41961,1.12,1.19
2014.12.22 05:20:40.000,1.41936,1.41963,1.00,1.19
2014.12.22 05:20:41.980,1.41935,1.41961,1.12,1.19
2014.12.22 05:20:44.087,1.41936,1.41963,1.00,1.19
2014.12.22 05:20:48.565,1.41936,1.41963,1.00,1.19
2014.12.22 05:20:50.069,1.41936,1.41963,1.00,1.19
2014.12.22 05:20:50.270,1.41936,1.41963,1.00,1.19
2014.12.22 05:20:50.371,1.4193,1.4196,1.87,2.06
2014.12.22 05:20:50.472,1.4193,1.4196,1.87,2.06
2014.12.22 05:20:50.984,1.41931,1.41958,1.00,1.19
2014.12.22 05:20:51.962,1.41931,1.41958,1.00,1.19
2014.12.22 05:21:01.944,1.41931,1.41958,1.00,1.19
2014.12.22 05:21:05.953,1.41931,1.41958,1.00,1.19
2014.12.22 05:21:06.956,1.41931,1.41958,1.00,1.19
2014.12.22 05:21:07.957,1.41931,1.41958,1.00,1.19
2014.12.22 05:21:08.959,1.41931,1.41958,1.00,1.19
2014.12.22 05:21:09.918,1.4193,1.41957,1.12,1.19
2014.12.22 05:21:10.962,1.4193,1.41957,1.00,1.19
2014.12.22 05:21:13.968,1.4193,1.41957,1.00,1.19
2014.12.22 05:21:18.526,1.41929,1.41956,1.12,1.19
2014.12.22 05:21:19.952,1.41927,1.41956,1.00,1.19
2014.12.22 05:21:20.154,1.41929,1.41956,1.00,1.19
2014.12.22 05:21:20.698,1.41929,1.41956,1.00,1.19
2014.12.22 05:21:21.480,1.4193,1.41957,1.00,1.19
2014.12.22 05:21:25.015,1.41929,1.41956,1.12,1.19
2014.12.22 05:21:25.938,1.41929,1.41956,1.12,1.19
2014.12.22 05:21:30.086,1.41931,1.41958,1.00,1.31
2014.12.22 05:21:30.818,1.4193,1.41959,1.00,2.81
2014.12.22 05:21:31.444,1.41929,1.41958,1.12,1.31
2014.12.22 05:21:35.053,1.41929,1.41958,1.12,1.31
2014.12.22 05:21:49.607,1.41929,1.41958,1.37,1.19
2014.12.22 05:21:59.352,1.4193,1.41957,1.00,1.19
2014.12.22 05:22:00.077,1.41929,1.41956,1.12,1.19
2014.12.22 05:22:00.279,1.41929,1.41956,1.00,1.56
2014.12.22 05:22:00.330,1.41927,1.41953,1.50,1.19
2014.12.22 05:22:00.431,1.41925,1.41952,1.00,1.19
2014.12.22 05:22:00.765,1.41927,1.41953,1.00,1.19
2014.12.22 05:22:01.079,1.41929,1.41956,1.00,1.69
2014.12.22 05:22:02.168,1.41928,1.41955,1.12,1.19
2014.12.22 05:22:02.370,1.41928,1.41955,1.00,1.19
2014.12.22 05:22:03.362,1.41928,1.41955,1.00,1.19
2014.12.22 05:22:04.178,1.41927,1.41953,1.00,1.19
2014.12.22 05:22:06.798,1.41929,1.41956,1.12,1.69
2014.12.22 05:22:07.002,1.41929,1.41956,1.12,1.69
2014.12.22 05:22:07.778,1.41928,1.41955,1.00,1.19
2014.12.22 05:22:07.879,1.41928,1.41955,1.00,1.19
2014.12.22 05:22:08.600,1.41929,1.41956,1.00,1.69
2014.12.22 05:22:10.322,1.4193,1.41956,1.00,1.19
2014.12.22 05:22:10.975,1.4193,1.41956,1.00,1.19
2014.12.22 05:22:19.024,1.4193,1.41956,1.00,1.19
2014.12.22 05:22:21.394,1.4193,1.41956,1.00,1.31
2014.12.22 05:22:24.401,1.4193,1.41956,1.00,1.31
2014.12.22 05:22:25.077,1.41929,1.41956,1.00,2.06
2014.12.22 05:22:31.066,1.41933,1.41956,1.00,1.19
2014.12.22 05:22:31.116,1.41933,1.41956,1.00,1.19
2014.12.22 05:22:31.167,1.41929,1.41956,1.00,1.69
2014.12.22 05:22:31.268,1.41931,1.41956,1.00,1.19
2014.12.22 05:22:31.571,1.41929,1.41957,1.00,1.31
2014.12.22 05:22:31.773,1.41925,1.41957,1.87,1.19
2014.12.22 05:22:31.937,1.41925,1.4196,1.12,2.06
2014.12.22 05:22:31.988,1.41925,1.4196,1.37,2.06
2014.12.22 05:22:32.861,1.41925,1.4196,1.37,2.06
2014.12.22 05:22:35.866,1.41925,1.4196,1.37,2.06
2014.12.22 05:22:37.870,1.41925,1.4196,1.62,2.06
2014.12.22 05:22:38.977,1.41925,1.4196,1.37,2.06
2014.12.22 05:22:39.989,1.41926,1.4196,1.37,2.06
2014.12.22 05:22:43.028,1.41926,1.4196,1.87,2.06
2014.12.22 05:22:43.866,1.41928,1.4196,1.00,1.56
2014.12.22 05:22:43.980,1.41928,1.4196,1.00,1.56
2014.12.22 05:22:49.989,1.41928,1.4196,1.00,1.56
2014.12.22 05:22:52.994,1.41928,1.4196,1.00,1.56
2014.12.22 05:22:58.001,1.41928,1.4196,1.00,1.56
2014.12.22 05:23:00.004,1.41928,1.4196,1.00,1.56
2014.12.22 05:23:02.057,1.41928,1.4196,1.00,1.56
2014.12.22 05:23:03.010,1.41928,1.4196,1.00,1.56
2014.12.22 05:23:07.016,1.41928,1.4196,1.00,1.56
2014.12.22 05:23:08.021,1.41928,1.4196,1.00,1.56
2014.12.22 05:23:12.165,1.41928,1.41958,1.00,1.19
2014.12.22 05:23:15.029,1.41928,1.41961,1.00,1.56
2014.12.22 05:23:16.030,1.41928,1.41961,1.00,1.56
2014.12.22 05:23:19.236,1.41928,1.41961,1.12,1.31
2014.12.22 05:23:20.254,1.41928,1.41961,1.00,1.31
2014.12.22 05:23:27.249,1.41928,1.4196,1.00,1.19
2014.12.22 05:23:28.252,1.41928,1.4196,1.50,1.19
2014.12.22 05:23:34.954,1.41931,1.4196,1.00,1.19
2014.12.22 05:23:35.258,1.41932,1.4196,1.37,1.19
2014.12.22 05:23:35.309,1.41932,1.41964,1.00,1.56
2014.12.22 05:23:35.360,1.41932,1.41964,1.00,1.56
2014.12.22 05:23:35.880,1.41931,1.41963,1.50,1.19
2014.12.22 05:23:35.931,1.41931,1.41963,1.00,1.19
2014.12.22 05:23:36.587,1.4193,1.41961,1.00,1.19
2014.12.22 05:23:39.328,1.4193,1.41961,1.00,1.19
2014.12.22 05:23:41.932,1.4193,1.41961,1.00,1.19
2014.12.22 05:23:42.935,1.4193,1.41961,1.00,1.19
2014.12.22 05:23:47.077,1.4193,1.41961,1.00,1.31
2014.12.22 05:23:48.045,1.4193,1.41961,1.00,1.31
2014.12.22 05:23:50.048,1.4193,1.41961,1.00,1.31
2014.12.22 05:23:52.051,1.4193,1.41961,1.00,1.31
2014.12.22 05:23:53.057,1.4193,1.41961,1.00,1.31
2014.12.22 05:23:56.069,1.4193,1.41961,1.00,1.31
2014.12.22 05:23:59.061,1.4193,1.41962,1.00,1.56
2014.12.22 05:24:06.073,1.4193,1.41961,1.00,1.31
2014.12.22 05:24:07.075,1.4193,1.41961,1.00,1.31
2014.12.22 05:24:08.076,1.4193,1.41961,1.00,1.31
2014.12.22 05:24:09.086,1.4193,1.41961,1.00,1.31
2014.12.22 05:24:10.098,1.4193,1.41961,1.00,1.31
2014.12.22 05:24:11.107,1.4193,1.41961,1.00,1.31
2014.12.22 05:24:12.084,1.4193,1.41961,1.00,1.31
2014.12.22 05:24:14.087,1.4193,1.41961,1.00,1.31
2014.12.22 05:24:14.572,1.4193,1.41962,1.37,1.31
2014.12.22 05:24:14.622,1.4193,1.41962,1.37,1.31
2014.12.22 05:24:14.673,1.4193,1.41962,1.12,1.31
2014.12.22 05:24:14.775,1.41931,1.41962,1.37,1.19
2014.12.22 05:24:14.826,1.41931,1.41962,1.37,1.00
2014.12.22 05:24:14.877,1.41931,1.41965,3.00,1.69
2014.12.22 05:24:15.397,1.41937,1.41969,1.37,1.19
2014.12.22 05:24:16.470,1.41937,1.41969,2.62,1.19
2014.12.22 05:24:22.105,1.41937,1.41969,2.62,1.19
2014.12.22 05:24:23.107,1.41937,1.41969,2.62,1.19
2014.12.22 05:24:25.216,1.41937,1.41969,2.62,1.19
2014.12.22 05:24:26.212,1.41937,1.41969,2.62,1.19
2014.12.22 05:24:27.065,1.41939,1.41969,1.00,1.19
2014.12.22 05:24:27.594,1.41937,1.41971,2.62,1.56
2014.12.22 05:24:28.142,1.41937,1.41971,2.62,1.56
2014.12.22 05:24:35.277,1.41937,1.41967,2.62,1.19
2014.12.22 05:24:38.266,1.41937,1.41967,1.87,1.19
2014.12.22 05:24:40.258,1.41937,1.41967,1.37,1.19
2014.12.22 05:24:41.271,1.41937,1.41967,1.37,1.19
2014.12.22 05:24:47.249,1.41937,1.41967,1.37,1.19
2014.12.22 05:24:49.287,1.41937,1.41967,1.37,1.19
2014.12.22 05:24:51.256,1.41937,1.41967,1.37,1.19
2014.12.22 05:24:53.298,1.41937,1.41967,1.37,1.19
2014.12.22 05:24:54.262,1.41937,1.41967,1.37,1.19
2014.12.22 05:24:55.264,1.41937,1.41967,1.87,1.19
2014.12.22 05:24:56.266,1.41937,1.41967,1.87,1.19
2014.12.22 05:24:57.268,1.41937,1.41967,1.87,1.19
2014.12.22 05:24:58.270,1.41937,1.41967,1.37,1.19
2014.12.22 05:24:59.271,1.41937,1.41967,1.37,1.19
2014.12.22 05:25:05.387,1.41937,1.41967,1.37,1.19
2014.12.22 05:25:07.392,1.41937,1.41967,1.37,1.19
2014.12.22 05:25:11.426,1.41937,1.41967,1.37,1.19
2014.12.22 05:25:11.940,1.41937,1.41966,1.00,1.56
2014.12.22 05:25:12.092,1.41932,1.41966,1.00,1.56
2014.12.22 05:25:12.194,1.4193,1.41961,1.00,1.19
2014.12.22 05:25:12.702,1.41929,1.41961,1.00,1.19
2014.12.22 05:25:13.006,1.41929,1.41961,1.62,1.19
2014.12.22 05:25:13.415,1.41929,1.41961,1.37,1.19
2014.12.22 05:25:13.525,1.41929,1.41961,1.00,1.19
2014.12.22 05:25:14.110,1.41929,1.41961,1.37,1.19
2014.12.22 05:25:14.648,1.41929,1.41961,1.37,1.19
2014.12.22 05:25:15.196,1.41929,1.41961,1.37,1.19
2014.12.22 05:25:15.805,1.41929,1.41961,1.37,1.19
2014.12.22 05:25:16.328,1.41929,1.41961,1.37,1.19
2014.12.22 05:25:16.831,1.41929,1.4196,1.37,1.19
2014.12.22 05:25:17.341,1.41929,1.4196,1.37,1.19
2014.12.22 05:25:17.894,1.41929,1.4196,1.37,1.19
2014.12.22 05:25:18.891,1.41929,1.4196,1.37,1.19
2014.12.22 05:25:19.042,1.41929,1.4196,1.37,1.19
2014.12.22 05:25:19.631,1.41929,1.4196,1.37,1.19
2014.12.22 05:25:20.417,1.41929,1.4196,1.37,1.19
2014.12.22 05:25:21.416,1.41929,1.4196,1.37,1.19
2014.12.22 05:25:23.117,1.41929,1.4196,1.37,1.19
2014.12.22 05:25:23.626,1.41929,1.4196,1.37,1.19
2014.12.22 05:25:24.128,1.41929,1.4196,1.37,1.19
2014.12.22 05:25:24.657,1.41929,1.4196,1.37,1.19
2014.12.22 05:25:24.758,1.41929,1.4196,1.37,1.19
2014.12.22 05:25:25.021,1.41929,1.4196,1.37,1.19
2014.12.22 05:25:25.527,1.41929,1.4196,1.37,1.19
2014.12.22 05:25:25.638,1.41929,1.4196,1.37,1.19
2014.12.22 05:25:25.943,1.41929,1.4196,1.37,1.19
2014.12.22 05:25:26.652,1.41929,1.4196,1.37,1.19
2014.12.22 05:25:26.753,1.41929,1.4196,1.37,1.19
2014.12.22 05:25:27.261,1.41929,1.4196,1.37,1.19
2014.12.22 05:25:27.574,1.41929,1.4196,1.37,1.19
2014.12.22 05:25:28.377,1.41929,1.4196,1.37,1.19
2014.12.22 05:25:34.858,1.41929,1.41959,1.37,1.19
2014.12.22 05:25:34.960,1.41929,1.41959,1.37,1.19
2014.12.22 05:25:35.401,1.41929,1.41959,1.37,1.19
2014.12.22 05:25:35.502,1.41929,1.41959,1.37,1.19
2014.12.22 05:25:35.911,1.41929,1.41959,1.37,1.19
2014.12.22 05:25:36.012,1.41929,1.41959,1.37,1.19
2014.12.22 05:25:36.368,1.41929,1.41959,1.37,1.19
2014.12.22 05:25:37.489,1.41929,1.41959,1.37,1.19
2014.12.22 05:25:38.259,1.41929,1.41959,1.37,1.19
2014.12.22 05:25:38.309,1.41929,1.41956,1.37,1.19
2014.12.22 05:25:38.360,1.41929,1.41956,1.37,1.19
2014.12.22 05:25:38.411,1.41929,1.41956,1.00,1.19
2014.12.22 05:25:38.462,1.41926,1.41956,1.12,1.19
2014.12.22 05:25:38.715,1.41929,1.41955,1.00,1.19
2014.12.22 05:25:40.052,1.41929,1.41955,1.00,1.19
2014.12.22 05:25:41.097,1.41929,1.41955,1.00,1.19
2014.12.22 05:25:42.150,1.41929,1.41955,1.00,1.19
2014.12.22 05:25:49.168,1.41929,1.41955,1.00,1.19
2014.12.22 05:25:49.722,1.41927,1.41954,1.00,1.19
2014.12.22 05:25:50.169,1.41927,1.41954,1.00,1.19
2014.12.22 05:25:50.775,1.41929,1.41955,1.00,1.19
2014.12.22 05:25:51.586,1.41927,1.41954,1.37,1.19
2014.12.22 05:25:52.430,1.41927,1.41954,1.00,1.19
2014.12.22 05:25:52.754,1.41929,1.41955,1.00,1.19
2014.12.22 05:25:54.734,1.41927,1.41954,1.37,1.19
2014.12.22 05:25:55.634,1.41929,1.41955,1.00,1.19
2014.12.22 05:25:58.183,1.41929,1.41955,1.00,1.19
2014.12.22 05:26:00.187,1.41929,1.41955,1.00,1.19
2014.12.22 05:26:00.784,1.41927,1.41954,1.37,1.19
2014.12.22 05:26:01.190,1.41927,1.41954,1.37,1.19
2014.12.22 05:26:02.192,1.41927,1.41954,1.37,1.19
2014.12.22 05:26:02.708,1.41927,1.41954,1.12,1.19
2014.12.22 05:26:02.809,1.41929,1.41955,1.00,1.19
2014.12.22 05:26:03.319,1.41927,1.41954,1.37,1.19
2014.12.22 05:26:03.471,1.41927,1.41954,1.12,1.19
2014.12.22 05:26:04.395,1.41927,1.41954,1.12,1.19
2014.12.22 05:26:04.753,1.41929,1.41955,1.00,1.19
2014.12.22 05:26:09.404,1.41929,1.41955,1.00,1.19
2014.12.22 05:26:09.952,1.41927,1.41954,1.00,1.19
2014.12.22 05:26:10.244,1.41929,1.41955,1.00,1.19
2014.12.22 05:26:10.857,1.41929,1.41955,1.00,1.19
2014.12.22 05:26:11.154,1.41927,1.41954,1.12,1.19
2014.12.22 05:26:11.658,1.41927,1.41954,1.12,1.19
2014.12.22 05:26:11.922,1.41929,1.41955,1.00,1.19
2014.12.22 05:26:12.396,1.41927,1.41954,1.12,1.19
2014.12.22 05:26:12.447,1.41927,1.41954,1.12,1.19
2014.12.22 05:26:12.887,1.41929,1.41955,1.00,1.19
2014.12.22 05:26:13.448,1.41929,1.41954,1.00,1.19
2014.12.22 05:26:13.700,1.41927,1.41954,1.00,1.69
2014.12.22 05:26:13.961,1.41926,1.41953,1.00,1.19
2014.12.22 05:26:14.694,1.41926,1.41955,1.00,1.19
2014.12.22 05:26:15.077,1.41926,1.41955,1.00,1.19
2014.12.22 05:26:15.281,1.41926,1.41955,1.12,1.19
2014.12.22 05:26:15.634,1.41929,1.41955,1.00,1.19
2014.12.22 05:26:17.474,1.41929,1.41955,1.00,1.19
2014.12.22 05:26:23.118,1.41926,1.41953,1.12,1.19
2014.12.22 05:26:23.220,1.41926,1.41953,1.00,1.19
2014.12.22 05:26:23.473,1.41922,1.41951,1.00,1.19
2014.12.22 05:26:23.581,1.41924,1.41951,1.00,1.19
2014.12.22 05:26:26.190,1.41924,1.41951,1.00,1.69
2014.12.22 05:26:28.241,1.41924,1.41951,1.00,1.69
2014.12.22 05:26:29.196,1.41924,1.41951,1.00,1.69
2014.12.22 05:26:30.074,1.41923,1.4195,1.00,1.19
2014.12.22 05:26:31.299,1.41923,1.4195,1.00,1.19
2014.12.22 05:26:31.393,1.41921,1.41948,1.00,1.19
2014.12.22 05:26:31.724,1.41923,1.4195,1.00,1.19
2014.12.22 05:26:34.585,1.41924,1.41951,1.00,1.69
2014.12.22 05:26:35.918,1.41923,1.4195,1.00,1.19
2014.12.22 05:26:38.043,1.41924,1.41951,1.00,1.56
2014.12.22 05:26:38.606,1.41923,1.4195,1.00,1.31
2014.12.22 05:26:40.014,1.41924,1.41951,1.00,2.06
2014.12.22 05:26:40.564,1.41923,1.4195,1.00,1.31
2014.12.22 05:26:41.095,1.41923,1.4195,1.00,1.31
2014.12.22 05:26:41.864,1.41921,1.41948,1.00,1.19
2014.12.22 05:26:43.317,1.41923,1.4195,1.00,1.31
2014.12.22 05:26:44.143,1.41923,1.4195,1.00,1.31
2014.12.22 05:26:44.593,1.41921,1.41948,1.00,1.19
2014.12.22 05:26:46.231,1.41921,1.41948,1.00,1.19
2014.12.22 05:26:46.573,1.41923,1.4195,1.00,1.31
2014.12.22 05:26:48.377,1.41921,1.41948,1.00,1.19
2014.12.22 05:26:48.705,1.41923,1.4195,1.00,1.31
2014.12.22 05:26:48.994,1.41921,1.41948,1.00,1.19
2014.12.22 05:26:49.660,1.41921,1.41948,1.00,1.19
2014.12.22 05:26:52.887,1.41923,1.4195,1.00,1.31
2014.12.22 05:26:54.493,1.41921,1.41948,1.00,1.19
2014.12.22 05:26:54.863,1.41923,1.4195,1.00,1.19
2014.12.22 05:26:56.624,1.41921,1.41948,1.37,1.19
2014.12.22 05:27:01.368,1.41921,1.41948,1.37,1.19
2014.12.22 05:27:02.371,1.41921,1.41948,1.37,1.19
2014.12.22 05:27:04.252,1.4192,1.41947,1.37,1.19
2014.12.22 05:27:04.766,1.41921,1.41948,1.00,1.19
2014.12.22 05:27:05.703,1.41921,1.41948,1.12,1.19
2014.12.22 05:27:06.695,1.41921,1.41948,1.12,1.19
2014.12.22 05:27:08.307,1.4192,1.41947,1.12,1.19
2014.12.22 05:27:08.982,1.41919,1.41946,1.37,1.19
2014.12.22 05:27:09.934,1.41918,1.41945,1.37,1.19
2014.12.22 05:27:11.720,1.41917,1.41944,1.37,1.19
2014.12.22 05:27:12.016,1.41917,1.41944,1.00,1.19
2014.12.22 05:27:12.523,1.41917,1.41944,1.37,1.19
2014.12.22 05:27:13.706,1.41917,1.41944,1.37,1.19
2014.12.22 05:27:15.499,1.41917,1.41944,1.37,1.19
2014.12.22 05:27:15.600,1.41917,1.41944,1.37,1.19
2014.12.22 05:27:15.651,1.41914,1.41942,1.37,1.19
2014.12.22 05:27:15.802,1.41915,1.41941,1.12,1.19
2014.12.22 05:27:16.005,1.41915,1.41941,1.12,1.19
2014.12.22 05:27:16.106,1.41911,1.41941,1.37,1.19
2014.12.22 05:27:16.157,1.41911,1.41943,1.50,1.69
2014.12.22 05:27:16.722,1.41915,1.41941,1.00,1.19
2014.12.22 05:27:17.227,1.41916,1.41942,1.12,1.19
2014.12.22 05:27:17.632,1.41916,1.41945,1.37,1.19
2014.12.22 05:27:17.887,1.41916,1.41945,1.12,1.19
2014.12.22 05:27:18.240,1.41913,1.4194,1.37,1.19
2014.12.22 05:27:19.294,1.41911,1.41938,1.87,1.19
2014.12.22 05:27:19.496,1.41911,1.41938,1.87,1.19
2014.12.22 05:27:19.938,1.41909,1.41938,1.87,1.19
2014.12.22 05:27:20.140,1.41908,1.41935,1.37,1.19
2014.12.22 05:27:21.003,1.41907,1.41934,1.37,1.19
2014.12.22 05:27:25.201,1.41907,1.41934,1.12,1.19
2014.12.22 05:27:25.604,1.41907,1.41934,1.37,1.19
2014.12.22 05:27:26.131,1.41905,1.41934,1.87,1.19
2014.12.22 05:27:26.655,1.4191,1.41937,1.00,1.19
2014.12.22 05:27:27.619,1.4191,1.41937,1.00,1.19
2014.12.22 05:27:32.884,1.41909,1.41935,1.12,1.19
2014.12.22 05:27:34.011,1.41907,1.41934,1.37,1.19
2014.12.22 05:27:34.635,1.41907,1.41934,1.37,1.19
2014.12.22 05:27:38.643,1.41907,1.41934,1.37,1.19
2014.12.22 05:27:39.256,1.41907,1.41934,1.12,1.19
2014.12.22 05:27:39.794,1.41907,1.41934,1.12,1.19
2014.12.22 05:27:40.683,1.41906,1.41933,1.50,1.19
2014.12.22 05:27:41.369,1.41905,1.41932,1.12,1.19
2014.12.22 05:27:41.672,1.41908,1.41934,1.00,1.69
2014.12.22 05:27:41.723,1.41906,1.41933,1.00,1.19
2014.12.22 05:27:41.925,1.41908,1.41934,1.00,1.19
2014.12.22 05:27:42.236,1.4191,1.41936,1.00,1.19
2014.12.22 05:27:42.749,1.41909,1.41935,1.00,1.19
2014.12.22 05:27:43.334,1.41911,1.41936,1.00,1.19
2014.12.22 05:27:43.977,1.4191,1.41936,1.00,1.19
2014.12.22 05:27:44.853,1.4191,1.41936,1.00,1.19
2014.12.22 05:27:45.139,1.41904,1.41936,1.00,1.69
2014.12.22 05:27:45.649,1.41909,1.41936,1.00,1.69
2014.12.22 05:27:45.801,1.41904,1.41936,1.50,1.19
2014.12.22 05:27:46.005,1.41908,1.41936,1.00,1.19
2014.12.22 05:27:46.056,1.41908,1.41936,1.00,1.19
2014.12.22 05:27:46.208,1.41906,1.41936,1.00,1.19
2014.12.22 05:27:46.270,1.41906,1.41936,1.00,1.19
2014.12.22 05:27:46.767,1.41904,1.41936,1.00,1.19
2014.12.22 05:27:47.120,1.41905,1.41936,1.87,1.19
2014.12.22 05:27:47.272,1.41905,1.41936,1.87,1.19
2014.12.22 05:27:47.679,1.41906,1.41936,1.00,1.19
2014.12.22 05:27:47.782,1.41904,1.41936,1.12,1.19
2014.12.22 05:27:47.904,1.41904,1.41936,1.37,1.19
2014.12.22 05:27:47.955,1.41904,1.41936,1.37,1.19
2014.12.22 05:27:48.359,1.41906,1.41938,1.00,1.19
2014.12.22 05:27:48.460,1.41904,1.41938,1.12,1.19
2014.12.22 05:27:48.722,1.41906,1.41935,1.00,1.19
2014.12.22 05:27:49.326,1.41904,1.41935,1.12,1.19
2014.12.22 05:27:52.436,1.41903,1.41935,1.12,1.19
2014.12.22 05:27:52.986,1.41904,1.41935,1.00,1.19
2014.12.22 05:27:53.924,1.41904,1.41935,1.37,1.19
2014.12.22 05:27:54.374,1.41907,1.41935,1.00,1.31
2014.12.22 05:27:54.475,1.41905,1.41935,1.00,1.31
2014.12.22 05:27:55.315,1.41905,1.41935,1.87,1.19
2014.12.22 05:27:56.295,1.41905,1.41935,1.87,1.19
2014.12.22 05:27:57.738,1.41905,1.41935,1.50,1.31
2014.12.22 05:27:58.244,1.41906,1.41935,1.12,1.19
2014.12.22 05:27:58.755,1.41906,1.41935,1.87,1.19
2014.12.22 05:27:59.315,1.41904,1.41935,1.00,1.19
2014.12.22 05:27:59.612,1.41906,1.41935,1.00,1.19
2014.12.22 05:28:00.194,1.41905,1.41935,1.00,1.19
2014.12.22 05:28:00.985,1.41904,1.41935,1.00,1.19
2014.12.22 05:28:02.142,1.41903,1.41935,1.12,1.19
2014.12.22 05:28:03.473,1.41903,1.41935,1.12,1.19
2014.12.22 05:28:04.279,1.41904,1.41935,1.00,1.19
2014.12.22 05:28:04.585,1.41902,1.41935,1.12,1.56
2014.12.22 05:28:04.889,1.419,1.41931,1.00,1.19
2014.12.22 05:28:05.442,1.41899,1.41931,1.25,1.19
2014.12.22 05:28:05.973,1.41898,1.41931,1.12,1.19
2014.12.22 05:28:06.322,1.41902,1.41931,1.00,1.19
2014.12.22 05:28:06.423,1.41902,1.41935,1.87,2.81
2014.12.22 05:28:06.524,1.41903,1.41935,1.37,2.06
2014.12.22 05:28:06.872,1.41907,1.41935,1.00,1.19
2014.12.22 05:28:07.024,1.41904,1.41935,1.37,1.19
2014.12.22 05:28:07.528,1.41903,1.41935,1.87,1.19
2014.12.22 05:28:08.482,1.41904,1.41935,1.12,1.31
2014.12.22 05:28:09.010,1.41903,1.41935,1.37,1.19
2014.12.22 05:28:09.603,1.41904,1.41935,1.12,1.19
2014.12.22 05:28:09.704,1.41904,1.41935,1.37,1.19
2014.12.22 05:28:10.025,1.41914,1.41938,1.00,1.19
2014.12.22 05:28:10.535,1.41915,1.41938,1.00,1.19
2014.12.22 05:28:10.824,1.41914,1.41938,1.00,1.19
2014.12.22 05:28:11.351,1.41915,1.41938,1.00,1.19
2014.12.22 05:28:11.975,1.41914,1.41938,1.00,1.19
2014.12.22 05:28:12.026,1.41914,1.41938,1.00,1.19
2014.12.22 05:28:12.531,1.41917,1.41941,1.00,1.19
2014.12.22 05:28:13.063,1.41917,1.41941,1.00,1.19
2014.12.22 05:28:20.106,1.41917,1.41944,1.00,1.56
2014.12.22 05:28:21.048,1.41917,1.41944,1.00,1.56
2014.12.22 05:28:21.773,1.41918,1.41945,1.00,2.06
2014.12.22 05:28:27.972,1.41918,1.41945,1.00,2.06
2014.12.22 05:28:29.928,1.41918,1.41945,1.00,2.06
2014.12.22 05:28:35.953,1.41918,1.41945,1.00,2.06
2014.12.22 05:28:36.055,1.41916,1.41943,1.00,1.56
2014.12.22 05:28:36.985,1.41916,1.41943,1.00,1.56
2014.12.22 05:28:40.862,1.41917,1.41944,1.00,1.56
2014.12.22 05:28:41.858,1.41917,1.41944,1.00,1.69
2014.12.22 05:28:42.375,1.41916,1.41943,1.00,1.56
2014.12.22 05:28:42.899,1.41916,1.41943,1.00,1.56
2014.12.22 05:28:47.821,1.41915,1.41942,1.00,2.06
2014.12.22 05:28:49.248,1.41914,1.41941,1.00,1.19
2014.12.22 05:28:53.656,1.41915,1.41942,1.00,2.06
2014.12.22 05:28:55.324,1.41914,1.41941,1.00,1.19
2014.12.22 05:28:55.906,1.41915,1.41942,1.00,1.69
2014.12.22 05:28:56.058,1.41913,1.41942,1.00,1.19
2014.12.22 05:28:56.412,1.41914,1.41942,1.00,1.56
2014.12.22 05:28:56.614,1.41917,1.41944,1.00,1.31
2014.12.22 05:28:59.383,1.41917,1.41944,1.00,1.56
2014.12.22 05:29:00.141,1.41916,1.41943,1.00,1.31
2014.12.22 05:29:00.886,1.41916,1.41943,1.00,1.31
2014.12.22 05:29:04.529,1.41917,1.41944,1.00,1.56
2014.12.22 05:29:05.164,1.41916,1.41943,1.00,1.56
2014.12.22 05:29:05.637,1.41914,1.4194,1.00,1.19
2014.12.22 05:29:05.738,1.41914,1.4194,1.00,1.19
2014.12.22 05:29:06.640,1.41915,1.41941,1.00,1.19
2014.12.22 05:29:08.620,1.41914,1.4194,1.00,1.19
2014.12.22 05:29:09.706,1.41914,1.4194,1.00,1.19
2014.12.22 05:29:13.713,1.41914,1.4194,1.00,1.19
2014.12.22 05:29:15.753,1.41914,1.4194,1.00,1.19
2014.12.22 05:29:16.756,1.41914,1.4194,1.00,1.19
2014.12.22 05:29:20.737,1.41914,1.4194,1.00,1.19
2014.12.22 05:29:23.943,1.41914,1.4194,1.00,1.19
2014.12.22 05:29:25.953,1.41914,1.4194,1.00,1.19
2014.12.22 05:29:32.097,1.41914,1.4194,1.00,1.19
2014.12.22 05:29:33.278,1.41915,1.41941,1.00,1.19
2014.12.22 05:29:34.089,1.41915,1.41941,1.00,1.19
2014.12.22 05:29:35.243,1.41914,1.4194,1.00,1.19
2014.12.22 05:29:35.810,1.41915,1.41941,1.00,1.19
2014.12.22 05:29:36.302,1.41915,1.41941,1.00,1.19
2014.12.22 05:29:36.829,1.41916,1.41943,1.00,2.06
2014.12.22 05:29:37.266,1.41916,1.41943,1.00,2.06
2014.12.22 05:29:37.850,1.41915,1.41942,1.00,1.31
2014.12.22 05:29:38.380,1.41916,1.41943,1.00,1.56
2014.12.22 05:29:41.375,1.41916,1.41943,1.00,1.56
2014.12.22 05:29:42.377,1.41916,1.41943,1.00,1.56
2014.12.22 05:29:48.388,1.41916,1.41943,1.00,1.56
2014.12.22 05:29:49.389,1.41916,1.41943,1.00,1.56
2014.12.22 05:29:49.945,1.41915,1.41942,1.00,1.31
2014.12.22 05:29:50.523,1.41915,1.41942,1.00,1.31
2014.12.22 05:29:51.168,1.41914,1.4194,1.00,1.19
2014.12.22 05:29:51.779,1.41914,1.4194,1.00,1.19
2014.12.22 05:29:57.454,1.41912,1.41939,1.00,1.19
2014.12.22 05:29:58.029,1.41913,1.41941,1.00,1.19
2014.12.22 05:29:58.557,1.41914,1.4194,1.00,1.19
2014.12.22 05:30:00.400,1.41915,1.41941,1.00,1.19
2014.12.22 05:30:01.037,1.41915,1.41941,1.00,1.19
2014.12.22 05:30:01.417,1.41915,1.41941,1.00,1.19
2014.12.22 05:30:02.082,1.41914,1.4194,1.00,1.19
2014.12.22 05:30:04.838,1.41915,1.41941,1.00,1.19
2014.12.22 05:30:05.421,1.41915,1.41941,1.00,1.19
2014.12.22 05:30:09.434,1.41914,1.4194,1.00,1.19
2014.12.22 05:30:09.535,1.41912,1.41939,1.00,2.06
2014.12.22 05:30:09.637,1.41912,1.41939,1.00,2.81
2014.12.22 05:30:09.940,1.41914,1.41939,1.00,1.19
2014.12.22 05:30:10.142,1.41915,1.41941,1.00,1.31
2014.12.22 05:30:10.705,1.41916,1.41941,1.00,1.31
2014.12.22 05:30:15.141,1.41914,1.41942,1.00,2.06
2014.12.22 05:30:15.814,1.41912,1.41939,1.00,1.19
2014.12.22 05:30:15.865,1.41912,1.41939,1.00,1.19
2014.12.22 05:30:16.173,1.41914,1.4194,1.00,1.19
2014.12.22 05:30:16.275,1.41912,1.41939,1.00,1.19
2014.12.22 05:30:16.891,1.41912,1.41938,1.00,1.56
2014.12.22 05:30:17.045,1.4191,1.41937,1.12,1.25
2014.12.22 05:30:17.146,1.41911,1.41938,1.12,1.69
2014.12.22 05:30:17.654,1.41912,1.41939,1.00,1.19
2014.12.22 05:30:18.008,1.41914,1.4194,1.00,2.06
2014.12.22 05:30:18.160,1.41911,1.41938,1.00,1.56
2014.12.22 05:30:18.261,1.41908,1.41936,1.00,1.19
2014.12.22 05:30:18.770,1.41907,1.41934,1.00,1.19
2014.12.22 05:30:19.325,1.41909,1.41935,1.00,1.31
2014.12.22 05:30:19.653,1.41906,1.41935,1.00,1.19
2014.12.22 05:30:20.157,1.41906,1.41933,1.00,1.19
2014.12.22 05:30:20.571,1.41904,1.41933,1.00,1.19
2014.12.22 05:30:20.773,1.41904,1.41933,1.00,1.69
2014.12.22 05:30:20.976,1.419,1.41929,3.00,1.31
2014.12.22 05:30:21.485,1.41901,1.41928,1.00,1.19
2014.12.22 05:30:22.133,1.419,1.41927,1.00,1.19
2014.12.22 05:30:22.952,1.419,1.41927,1.00,1.19
2014.12.22 05:30:30.085,1.419,1.41927,1.00,1.19
2014.12.22 05:30:32.070,1.419,1.41927,1.00,1.19
2014.12.22 05:30:32.779,1.41901,1.41928,1.00,1.19
2014.12.22 05:30:34.074,1.41901,1.41928,1.00,1.19
2014.12.22 05:30:34.720,1.419,1.41927,1.00,1.19
2014.12.22 05:30:43.092,1.419,1.41927,1.00,1.31
2014.12.22 05:30:44.094,1.419,1.41927,1.00,1.31
2014.12.22 05:30:45.096,1.419,1.41927,1.00,1.31
2014.12.22 05:30:47.100,1.419,1.41927,1.00,1.31
2014.12.22 05:30:47.643,1.41899,1.41926,1.00,1.31
2014.12.22 05:30:48.451,1.41898,1.41925,1.00,1.19
2014.12.22 05:30:50.721,1.41898,1.41925,1.00,1.69
2014.12.22 05:30:51.275,1.41897,1.41923,1.00,1.19
2014.12.22 05:30:52.738,1.41897,1.41923,1.00,1.19
2014.12.22 05:30:54.929,1.41897,1.41923,1.00,1.19
2014.12.22 05:30:56.756,1.41897,1.41923,1.00,1.19
2014.12.22 05:30:58.373,1.41898,1.41925,1.00,1.19
2014.12.22 05:30:58.913,1.41898,1.41925,1.00,1.19
2014.12.22 05:30:59.627,1.41897,1.41923,1.00,1.19
2014.12.22 05:31:02.660,1.41895,1.41922,1.87,1.19
2014.12.22 05:31:03.013,1.41897,1.41923,1.00,1.19
2014.12.22 05:31:04.761,1.41895,1.41922,1.87,1.19
2014.12.22 05:31:11.912,1.41897,1.41923,1.00,1.19
2014.12.22 05:31:12.165,1.41898,1.41925,1.12,1.19
2014.12.22 05:31:13.651,1.41898,1.41927,1.37,1.19
2014.12.22 05:31:13.803,1.41901,1.41928,1.00,1.19
2014.12.22 05:31:14.436,1.41901,1.41928,1.00,1.19
2014.12.22 05:31:19.279,1.41901,1.41928,1.00,1.19
2014.12.22 05:31:20.327,1.41901,1.41928,1.00,1.19
2014.12.22 05:31:22.292,1.41901,1.41928,1.00,1.19
2014.12.22 05:31:23.288,1.41901,1.41928,1.00,1.19
2014.12.22 05:31:27.520,1.41902,1.41929,1.00,1.19
2014.12.22 05:31:29.719,1.41901,1.41928,1.00,1.19
2014.12.22 05:31:30.224,1.41902,1.41929,1.00,1.19
2014.12.22 05:31:32.029,1.41901,1.41928,1.00,1.19
2014.12.22 05:31:33.819,1.419,1.41927,1.00,1.19
2014.12.22 05:31:34.579,1.419,1.41927,1.00,1.19
2014.12.22 05:31:38.316,1.419,1.41929,1.00,1.56
2014.12.22 05:31:39.319,1.419,1.41929,1.00,1.56
2014.12.22 05:31:41.322,1.419,1.41929,1.00,1.56
2014.12.22 05:31:42.811,1.41899,1.41931,1.00,2.06
2014.12.22 05:31:43.528,1.419,1.41929,1.00,1.56
2014.12.22 05:31:44.388,1.419,1.41929,1.00,1.56
2014.12.22 05:31:45.360,1.419,1.41929,1.00,1.56
2014.12.22 05:31:49.367,1.419,1.41929,1.00,1.56
2014.12.22 05:31:50.369,1.419,1.41929,1.00,1.56
2014.12.22 05:31:51.084,1.419,1.41929,1.37,1.19
2014.12.22 05:31:51.186,1.41902,1.41929,1.37,1.00
2014.12.22 05:31:51.287,1.41902,1.41929,1.37,1.19
2014.12.22 05:31:51.619,1.4191,1.41936,1.00,2.06
2014.12.22 05:31:51.670,1.41908,1.41936,1.00,2.81
2014.12.22 05:31:51.822,1.41907,1.41934,1.00,1.31
2014.12.22 05:31:52.775,1.41907,1.41933,1.00,1.19
2014.12.22 05:31:55.551,1.41906,1.41933,1.00,1.69
2014.12.22 05:31:56.922,1.41906,1.41933,1.00,2.06
2014.12.22 05:31:57.024,1.41906,1.41933,1.00,2.81
2014.12.22 05:31:57.075,1.41908,1.41933,1.00,1.19
2014.12.22 05:31:57.176,1.41906,1.41933,1.00,2.06
2014.12.22 05:31:57.227,1.41906,1.41933,1.00,1.56
2014.12.22 05:31:57.771,1.41907,1.41934,1.00,2.06
2014.12.22 05:31:57.923,1.41906,1.41933,1.00,2.06
2014.12.22 05:31:57.973,1.41908,1.41934,1.00,1.19
2014.12.22 05:31:58.534,1.41907,1.41933,1.00,1.19
2014.12.22 05:31:59.222,1.41907,1.41933,1.00,1.19
2014.12.22 05:32:00.091,1.41907,1.41933,1.00,1.31
2014.12.22 05:32:00.192,1.41906,1.41933,1.00,2.81
2014.12.22 05:32:00.243,1.41908,1.41933,1.00,2.06
2014.12.22 05:32:00.294,1.41908,1.41933,1.00,1.69
2014.12.22 05:32:00.395,1.41908,1.41933,1.00,1.69
2014.12.22 05:32:00.499,1.41906,1.41933,1.00,1.69
2014.12.22 05:32:01.439,1.41906,1.41933,1.00,1.19
2014.12.22 05:32:04.244,1.41907,1.41933,1.00,1.19
2014.12.22 05:32:04.970,1.41909,1.41933,1.00,1.19
2014.12.22 05:32:05.021,1.41909,1.41935,1.00,1.19
2014.12.22 05:32:05.122,1.41911,1.41935,1.00,1.25
2014.12.22 05:32:05.224,1.41913,1.41938,1.00,1.19
2014.12.22 05:32:06.222,1.41913,1.41938,1.00,1.19
2014.12.22 05:32:07.207,1.41913,1.41938,1.00,1.19
2014.12.22 05:32:08.210,1.41913,1.41938,1.00,1.19
2014.12.22 05:32:12.483,1.41912,1.41938,1.00,1.69
2014.12.22 05:32:12.780,1.41909,1.41938,1.37,1.69
2014.12.22 05:32:13.451,1.41912,1.41938,1.00,1.69
2014.12.22 05:32:13.988,1.4191,1.41937,1.12,1.19
2014.12.22 05:32:14.523,1.4191,1.41937,1.12,1.19
2014.12.22 05:32:14.574,1.41912,1.41938,1.00,1.69
2014.12.22 05:32:14.917,1.4191,1.41937,1.12,1.19
2014.12.22 05:32:16.993,1.41911,1.41938,1.00,1.19
2014.12.22 05:32:17.528,1.4191,1.41937,1.12,1.19
2014.12.22 05:32:18.389,1.41912,1.41938,1.00,1.69
2014.12.22 05:32:18.993,1.41912,1.41938,1.00,1.69
2014.12.22 05:32:19.399,1.41909,1.41936,1.37,1.19
2014.12.22 05:32:19.926,1.4191,1.41937,1.12,1.19
2014.12.22 05:32:20.468,1.4191,1.41937,1.12,1.19
2014.12.22 05:32:21.029,1.41912,1.41938,1.00,1.69
2014.12.22 05:32:21.543,1.41912,1.41938,1.00,1.69
2014.12.22 05:32:25.758,1.4191,1.41937,1.37,1.19
2014.12.22 05:32:26.781,1.41912,1.41938,1.00,1.69
2014.12.22 05:32:30.527,1.41912,1.41938,1.00,1.69
2014.12.22 05:32:31.538,1.41912,1.41938,1.00,1.69
2014.12.22 05:32:34.257,1.4191,1.41937,1.12,1.19
2014.12.22 05:32:35.530,1.4191,1.41937,1.12,1.19
2014.12.22 05:32:36.245,1.41912,1.41938,1.00,1.69
2014.12.22 05:32:40.944,1.4191,1.41937,1.12,1.19
2014.12.22 05:32:43.519,1.41908,1.41935,1.00,1.19
2014.12.22 05:32:43.843,1.4191,1.41937,1.00,1.31
2014.12.22 05:32:44.647,1.4191,1.41937,1.00,1.31
2014.12.22 05:32:46.794,1.41912,1.41938,1.00,2.06
2014.12.22 05:32:47.098,1.4191,1.41937,1.00,1.31
2014.12.22 05:32:47.653,1.4191,1.41937,1.00,1.31
2014.12.22 05:32:48.654,1.4191,1.41937,1.00,1.31
2014.12.22 05:32:49.656,1.4191,1.41937,1.00,1.31
2014.12.22 05:32:50.109,1.41907,1.41934,1.00,1.31
2014.12.22 05:32:51.059,1.41907,1.41934,1.00,1.19
2014.12.22 05:32:51.360,1.41907,1.41934,1.00,1.19
2014.12.22 05:32:51.411,1.41909,1.41936,1.12,1.19
2014.12.22 05:32:51.844,1.41911,1.41937,1.00,1.19
2014.12.22 05:32:52.362,1.41911,1.41937,1.00,1.19
2014.12.22 05:32:53.850,1.41909,1.41936,1.12,1.19
2014.12.22 05:32:54.365,1.41909,1.41936,1.12,1.19
2014.12.22 05:32:55.831,1.41911,1.41937,1.00,1.19
2014.12.22 05:32:57.769,1.41912,1.41938,1.00,2.06
2014.12.22 05:33:02.491,1.41912,1.41938,1.00,2.06
2014.12.22 05:33:03.480,1.41912,1.41938,1.00,2.06
2014.12.22 05:33:04.714,1.41909,1.41936,1.00,1.19
2014.12.22 05:33:05.484,1.41909,1.41936,1.00,1.19
2014.12.22 05:33:05.577,1.41907,1.41934,1.00,1.19
2014.12.22 05:33:05.729,1.41909,1.41935,1.00,1.19
2014.12.22 05:33:05.931,1.41906,1.41932,1.00,1.19
2014.12.22 05:33:06.032,1.41906,1.41932,1.00,1.19
2014.12.22 05:33:06.284,1.41903,1.41929,1.00,1.19
2014.12.22 05:33:06.335,1.41903,1.41929,1.00,1.19
2014.12.22 05:33:06.855,1.41902,1.41929,1.00,2.06
2014.12.22 05:33:06.906,1.419,1.41928,1.00,1.19
2014.12.22 05:33:07.458,1.41899,1.41926,1.00,1.19
2014.12.22 05:33:08.110,1.41898,1.41925,1.00,1.19
2014.12.22 05:33:08.656,1.41898,1.41925,1.00,1.19
2014.12.22 05:33:10.294,1.41898,1.41925,1.00,1.19
2014.12.22 05:33:12.182,1.41896,1.41923,1.00,1.19
2014.12.22 05:33:12.233,1.41896,1.41923,1.00,1.19
2014.12.22 05:33:12.763,1.41895,1.41922,1.12,1.19
2014.12.22 05:33:13.270,1.41895,1.41923,1.12,1.19
2014.12.22 05:33:16.910,1.41894,1.4192,1.00,1.19
2014.12.22 05:33:17.415,1.41894,1.4192,1.00,1.19
2014.12.22 05:33:18.452,1.41894,1.4192,1.00,1.19
2014.12.22 05:33:19.254,1.41894,1.4192,1.00,1.19
2014.12.22 05:33:22.260,1.41894,1.4192,1.00,1.19
2014.12.22 05:33:22.848,1.41891,1.41918,1.87,1.19
2014.12.22 05:33:23.963,1.41891,1.41918,1.37,1.19
2014.12.22 05:33:24.585,1.41891,1.41918,1.37,1.19
2014.12.22 05:33:25.704,1.41891,1.41918,1.37,1.19
2014.12.22 05:33:25.808,1.41891,1.41918,1.37,1.00
2014.12.22 05:33:25.909,1.41894,1.41922,1.00,1.56
2014.12.22 05:33:26.414,1.41895,1.41922,1.00,1.19
2014.12.22 05:33:26.617,1.41895,1.41922,1.00,1.19
2014.12.22 05:33:27.062,1.41897,1.41924,1.00,1.31
2014.12.22 05:33:27.398,1.41895,1.41922,1.00,1.19
2014.12.22 05:33:27.739,1.41897,1.41923,1.00,1.19
2014.12.22 05:33:28.260,1.41898,1.41925,1.00,2.06
2014.12.22 05:33:28.473,1.41896,1.41923,1.00,1.31
2014.12.22 05:33:28.981,1.41896,1.41923,1.00,1.19
2014.12.22 05:33:29.598,1.41894,1.4192,1.37,1.19
2014.12.22 05:33:32.701,1.41895,1.41922,1.37,1.19
2014.12.22 05:33:33.247,1.41896,1.41923,1.37,1.19
2014.12.22 05:33:34.067,1.41898,1.41925,1.00,1.19
2014.12.22 05:33:34.118,1.41898,1.41925,1.12,1.19
2014.12.22 05:33:34.658,1.41897,1.41924,1.00,1.19
2014.12.22 05:33:35.163,1.41897,1.41924,1.00,1.19
2014.12.22 05:33:36.045,1.41896,1.41923,1.12,1.19
2014.12.22 05:33:36.556,1.41896,1.41923,1.12,1.19
2014.12.22 05:33:43.705,1.41896,1.41923,1.12,1.19
2014.12.22 05:33:45.416,1.41895,1.41922,1.00,1.19
2014.12.22 05:33:45.919,1.41894,1.41921,1.00,1.19
2014.12.22 05:33:46.174,1.41891,1.41918,1.00,1.19
2014.12.22 05:33:46.387,1.41893,1.41919,1.00,1.19
2014.12.22 05:33:46.620,1.41891,1.41918,1.00,1.19
2014.12.22 05:33:46.873,1.41893,1.41919,1.00,1.19
2014.12.22 05:33:47.540,1.41893,1.41919,1.00,1.19
2014.12.22 05:33:50.694,1.41891,1.41918,1.12,1.19
2014.12.22 05:33:50.898,1.41893,1.41919,1.00,1.19
2014.12.22 05:33:51.998,1.41891,1.41918,1.37,1.19
2014.12.22 05:33:52.936,1.41891,1.41918,1.00,1.19
2014.12.22 05:33:53.268,1.41893,1.41919,1.00,1.19
2014.12.22 05:33:53.844,1.41894,1.41921,1.00,1.19
2014.12.22 05:33:54.260,1.41893,1.41919,1.00,1.19
2014.12.22 05:33:55.230,1.41894,1.41921,1.00,1.31
2014.12.22 05:33:56.847,1.41893,1.41919,1.00,1.19
2014.12.22 05:33:57.355,1.41894,1.41921,1.00,1.56
2014.12.22 05:33:58.230,1.41893,1.41919,1.00,1.19
2014.12.22 05:33:59.181,1.41893,1.41919,1.00,1.19
2014.12.22 05:33:59.789,1.41894,1.41921,1.00,1.56
2014.12.22 05:34:01.236,1.41893,1.41919,1.00,1.19
2014.12.22 05:34:01.826,1.41893,1.41919,1.00,1.19
2014.12.22 05:34:02.327,1.41894,1.41921,1.00,1.31
2014.12.22 05:34:02.580,1.41892,1.4192,1.12,1.19
2014.12.22 05:34:03.302,1.41892,1.4192,1.12,1.19
2014.12.22 05:34:04.350,1.41894,1.41921,1.00,1.31
2014.12.22 05:34:07.333,1.41893,1.41919,1.00,1.19
2014.12.22 05:34:08.201,1.41894,1.41921,1.00,1.31
2014.12.22 05:34:08.529,1.4189,1.41917,1.00,1.31
2014.12.22 05:34:08.781,1.41888,1.41917,1.00,1.19
2014.12.22 05:34:09.443,1.41888,1.41917,1.00,1.69
2014.12.22 05:34:10.415,1.41888,1.41917,1.00,1.69
2014.12.22 05:34:10.618,1.41884,1.41917,1.37,1.19
2014.12.22 05:34:11.659,1.41886,1.41917,1.12,1.19
2014.12.22 05:34:18.028,1.41886,1.41917,1.12,1.19
2014.12.22 05:34:18.552,1.41885,1.41912,1.12,1.19
2014.12.22 05:34:18.855,1.41884,1.41914,1.37,1.19
2014.12.22 05:34:19.673,1.41884,1.41918,1.37,1.56
2014.12.22 05:34:20.108,1.41884,1.41918,1.00,1.56
2014.12.22 05:34:20.159,1.41884,1.41912,1.00,1.19
2014.12.22 05:34:20.463,1.41877,1.41911,3.75,1.19
2014.12.22 05:34:20.676,1.41881,1.41914,1.37,1.19
2014.12.22 05:34:21.635,1.41883,1.41914,1.37,1.19
2014.12.22 05:34:24.103,1.41883,1.41914,1.37,1.19
2014.12.22 05:34:26.643,1.41883,1.41914,1.87,1.19
2014.12.22 05:34:34.631,1.41883,1.41917,1.87,1.31
2014.12.22 05:34:35.378,1.41883,1.41917,1.87,1.31
2014.12.22 05:34:36.021,1.41883,1.41917,1.87,1.31
2014.12.22 05:34:36.190,1.41883,1.41917,1.87,1.31
2014.12.22 05:34:36.292,1.41883,1.41917,1.87,1.31
2014.12.22 05:34:37.416,1.41889,1.41916,1.00,1.19
2014.12.22 05:34:37.947,1.41889,1.41916,1.00,1.19
2014.12.22 05:34:43.773,1.41889,1.41916,1.00,1.19
2014.12.22 05:34:52.955,1.41889,1.41916,1.37,1.19
2014.12.22 05:34:53.006,1.41893,1.41917,1.00,1.00
2014.12.22 05:34:53.108,1.41893,1.4192,1.00,2.06
2014.12.22 05:34:53.310,1.41892,1.41919,1.37,1.19
2014.12.22 05:34:53.361,1.41896,1.41922,1.00,1.19
2014.12.22 05:34:53.412,1.41896,1.41922,1.00,1.25
2014.12.22 05:34:53.513,1.41896,1.41924,1.00,1.19
2014.12.22 05:34:54.843,1.41896,1.41925,1.00,1.19
2014.12.22 05:34:55.402,1.41895,1.41921,1.00,1.19
2014.12.22 05:34:56.111,1.41896,1.41923,1.00,2.44
2014.12.22 05:34:57.127,1.41896,1.41923,1.00,1.69
2014.12.22 05:35:03.157,1.41896,1.41923,1.00,1.19
2014.12.22 05:35:03.388,1.41895,1.41921,1.00,1.56
2014.12.22 05:35:03.438,1.41891,1.41918,1.00,1.19
2014.12.22 05:35:03.893,1.41895,1.41921,1.00,1.19
2014.12.22 05:35:04.318,1.41897,1.41924,1.00,1.31
2014.12.22 05:35:11.052,1.41896,1.41923,1.00,1.19
2014.12.22 05:35:11.254,1.41891,1.41918,1.12,1.19
2014.12.22 05:35:11.768,1.41892,1.41919,1.00,1.19
2014.12.22 05:35:12.527,1.41892,1.41919,1.00,1.19
2014.12.22 05:35:28.200,1.4189,1.41919,1.12,1.19
2014.12.22 05:35:29.002,1.4189,1.41919,1.12,1.19
2014.12.22 05:35:29.218,1.41892,1.41919,1.00,1.19
2014.12.22 05:35:30.003,1.41892,1.41919,1.00,1.19
2014.12.22 05:35:33.009,1.41892,1.41919,1.00,1.19
2014.12.22 05:35:35.997,1.41891,1.41918,1.00,1.19
2014.12.22 05:35:36.536,1.41891,1.41918,1.00,1.19
2014.12.22 05:35:37.067,1.41891,1.41918,1.00,1.19
2014.12.22 05:35:39.019,1.41891,1.41918,1.00,1.19
2014.12.22 05:35:51.037,1.41891,1.41918,1.00,1.19
2014.12.22 05:35:54.041,1.41891,1.41918,1.00,1.19
2014.12.22 05:35:56.173,1.4189,1.41917,1.12,1.19
2014.12.22 05:35:56.679,1.41889,1.41915,1.00,1.19
2014.12.22 05:35:57.047,1.4189,1.41917,1.00,1.19
2014.12.22 05:35:59.128,1.4189,1.41917,1.00,1.19
2014.12.22 05:36:00.092,1.4189,1.41917,1.00,1.19
2014.12.22 05:36:02.095,1.4189,1.41917,1.00,1.19
2014.12.22 05:36:02.401,1.41888,1.41916,1.00,2.06
2014.12.22 05:36:02.552,1.41885,1.41911,1.00,1.19
2014.12.22 05:36:03.208,1.41883,1.41912,1.12,1.31
2014.12.22 05:36:04.526,1.41883,1.41912,1.00,1.31
2014.12.22 05:36:05.407,1.41883,1.41912,1.00,1.56
2014.12.22 05:36:05.508,1.41883,1.41909,1.00,1.19
2014.12.22 05:36:05.711,1.41883,1.41909,1.12,1.19
2014.12.22 05:36:05.913,1.41884,1.41911,1.12,1.19
2014.12.22 05:36:06.217,1.41883,1.41909,1.37,1.19
2014.12.22 05:36:06.305,1.41883,1.41909,1.37,1.19
2014.12.22 05:36:06.608,1.4188,1.41907,1.87,1.19
2014.12.22 05:36:06.659,1.4188,1.41907,1.87,1.19
2014.12.22 05:36:08.410,1.41881,1.41908,1.00,1.19
2014.12.22 05:36:09.512,1.4188,1.41907,1.00,1.19
2014.12.22 05:36:10.096,1.41881,1.41908,1.00,1.19
2014.12.22 05:36:10.632,1.4188,1.41907,1.00,1.19
2014.12.22 05:36:11.346,1.41881,1.41908,1.00,1.19
2014.12.22 05:36:11.780,1.41883,1.41909,1.00,1.19
2014.12.22 05:36:12.287,1.41884,1.41911,1.00,1.31
2014.12.22 05:36:12.439,1.41882,1.41908,1.00,1.19
2014.12.22 05:36:12.974,1.41883,1.4191,1.00,1.56
2014.12.22 05:36:13.437,1.41881,1.41908,1.00,1.19
2014.12.22 05:36:13.944,1.4188,1.41907,1.00,1.25
2014.12.22 05:36:14.497,1.41881,1.41908,1.00,1.19
2014.12.22 05:36:15.039,1.4188,1.41907,1.00,1.25
2014.12.22 05:36:15.836,1.41879,1.41906,1.12,1.00
2014.12.22 05:36:16.189,1.41881,1.41908,1.00,1.31
2014.12.22 05:36:17.160,1.41883,1.41909,1.00,1.31
2014.12.22 05:36:17.263,1.4188,1.41907,1.12,1.25
2014.12.22 05:36:17.618,1.41883,1.41909,1.00,1.31
2014.12.22 05:36:17.720,1.4188,1.41907,1.12,1.25
2014.12.22 05:36:18.222,1.41879,1.41906,1.00,1.00
2014.12.22 05:36:18.740,1.41878,1.41905,1.62,1.00
2014.12.22 05:36:19.284,1.4188,1.41907,1.00,1.19
2014.12.22 05:36:19.909,1.41879,1.41906,1.12,1.19
2014.12.22 05:36:20.219,1.41881,1.41908,1.00,1.19
2014.12.22 05:36:20.725,1.4188,1.41907,1.00,1.19
2014.12.22 05:36:21.236,1.41879,1.41906,1.12,1.19
2014.12.22 05:36:21.927,1.41876,1.41905,1.50,1.25
2014.12.22 05:36:21.978,1.41876,1.41902,1.50,1.00
2014.12.22 05:36:22.086,1.41877,1.41904,1.00,1.00
2014.12.22 05:36:22.864,1.41877,1.41904,1.00,1.19
2014.12.22 05:36:24.843,1.41877,1.41904,1.00,1.25
2014.12.22 05:36:26.092,1.41876,1.41902,1.12,1.00
2014.12.22 05:36:28.287,1.41877,1.41904,1.00,1.19
2014.12.22 05:36:29.456,1.41876,1.41902,1.00,1.25
2014.12.22 05:36:29.980,1.41876,1.41902,1.00,1.19
2014.12.22 05:36:30.489,1.41874,1.41901,1.37,1.25
2014.12.22 05:36:32.570,1.41876,1.41902,1.00,1.19
2014.12.22 05:36:34.183,1.41876,1.41902,1.00,1.25
2014.12.22 05:36:34.733,1.41877,1.41904,1.00,1.31
2014.12.22 05:36:34.784,1.41875,1.41903,1.87,1.19
2014.12.22 05:36:34.988,1.41877,1.41904,1.00,1.31
2014.12.22 05:36:35.902,1.41877,1.41904,1.00,1.31
2014.12.22 05:36:36.463,1.41876,1.41902,1.00,1.25
2014.12.22 05:36:36.973,1.41877,1.41904,1.00,2.06
2014.12.22 05:36:37.919,1.41877,1.41904,1.00,2.06
2014.12.22 05:36:38.845,1.41876,1.41902,1.00,1.25
2014.12.22 05:36:39.264,1.41874,1.41901,1.12,1.00
2014.12.22 05:36:39.366,1.41876,1.41902,1.00,1.25
2014.12.22 05:36:39.823,1.41873,1.419,1.37,1.00
2014.12.22 05:36:41.005,1.41876,1.41902,1.00,1.19
2014.12.22 05:36:42.436,1.41874,1.41901,1.12,1.25
2014.12.22 05:36:44.539,1.41876,1.41902,1.00,1.19
2014.12.22 05:36:45.886,1.41874,1.41901,1.12,1.00
2014.12.22 05:36:46.108,1.41876,1.41902,1.00,1.25
2014.12.22 05:36:46.874,1.41876,1.41902,1.00,1.19
2014.12.22 05:36:47.876,1.41876,1.41902,1.00,1.19
2014.12.22 05:36:48.074,1.41874,1.41901,1.12,1.19
2014.12.22 05:36:48.411,1.41876,1.41902,1.00,1.19
2014.12.22 05:36:51.011,1.41876,1.41902,1.00,1.19
2014.12.22 05:36:52.775,1.41873,1.41902,1.62,1.19
2014.12.22 05:36:53.138,1.41876,1.41902,1.00,1.19
2014.12.22 05:36:53.888,1.41876,1.41902,1.00,1.19
2014.12.22 05:36:53.985,1.41874,1.41901,1.12,1.19
2014.12.22 05:36:54.363,1.41876,1.41902,1.00,1.19
2014.12.22 05:36:55.672,1.41877,1.41904,1.12,1.19
2014.12.22 05:36:55.925,1.41877,1.41904,1.12,1.19
2014.12.22 05:36:57.136,1.41876,1.41902,1.00,1.25
2014.12.22 05:36:57.657,1.41874,1.41901,1.62,1.00
2014.12.22 05:36:58.586,1.41876,1.41902,1.00,1.19
2014.12.22 05:36:59.175,1.41876,1.41902,1.00,1.19
2014.12.22 05:37:00.914,1.41874,1.41901,1.37,1.19
2014.12.22 05:37:01.912,1.41874,1.41901,1.37,1.00
2014.12.22 05:37:02.413,1.41874,1.41901,1.37,1.19
2014.12.22 05:37:03.269,1.41876,1.41902,1.00,1.19
2014.12.22 05:37:08.117,1.41876,1.41902,1.00,1.19
2014.12.22 05:37:08.834,1.41874,1.41901,1.37,1.19
2014.12.22 05:37:10.021,1.41875,1.41903,1.00,1.19
2014.12.22 05:37:15.229,1.41875,1.41903,1.00,1.19
2014.12.22 05:37:16.231,1.41875,1.41903,1.00,1.19
2014.12.22 05:37:16.912,1.41876,1.41902,1.00,1.19
2014.12.22 05:37:17.955,1.41876,1.41902,1.00,1.19
2014.12.22 05:37:19.085,1.41874,1.41901,1.00,1.19
2014.12.22 05:37:19.438,1.41876,1.41902,1.00,1.19
2014.12.22 05:37:19.774,1.41872,1.41899,2.06,1.00
2014.12.22 05:37:19.977,1.41872,1.41895,1.31,1.00
2014.12.22 05:37:21.040,1.41869,1.41894,1.37,1.00
2014.12.22 05:37:21.492,1.4187,1.41896,1.37,1.25
2014.12.22 05:37:23.045,1.4187,1.41899,1.37,1.19
2014.12.22 05:37:23.598,1.4187,1.41896,1.37,1.00
2014.12.22 05:37:24.534,1.41871,1.41898,1.37,1.19
2014.12.22 05:37:25.048,1.41871,1.41898,1.12,1.25
2014.12.22 05:37:25.591,1.4187,1.41896,1.37,1.00
2014.12.22 05:37:25.897,1.41871,1.41898,1.12,1.25
2014.12.22 05:37:27.051,1.41871,1.41898,1.12,1.19
2014.12.22 05:37:27.585,1.4187,1.41896,1.37,1.00
2014.12.22 05:37:28.053,1.41871,1.41898,1.12,1.25
2014.12.22 05:37:29.055,1.41871,1.41898,1.12,1.19
2014.12.22 05:37:31.058,1.41871,1.41898,1.12,1.19
2014.12.22 05:37:38.097,1.4187,1.41896,1.87,1.19
2014.12.22 05:37:39.099,1.4187,1.41896,1.87,1.00
2014.12.22 05:37:39.885,1.4187,1.41896,1.12,1.00
2014.12.22 05:37:41.661,1.41869,1.41895,1.37,1.00
2014.12.22 05:37:43.630,1.41867,1.41894,2.06,1.00
2014.12.22 05:37:44.638,1.41869,1.41895,1.37,1.00
2014.12.22 05:37:45.593,1.41867,1.41894,2.06,1.00
2014.12.22 05:37:46.212,1.41869,1.41895,1.37,1.00
2014.12.22 05:37:47.593,1.41867,1.41894,2.06,1.00
2014.12.22 05:37:48.123,1.41869,1.41895,1.37,1.00
2014.12.22 05:37:49.014,1.41868,1.41894,1.62,1.00
2014.12.22 05:37:49.693,1.41869,1.41895,1.62,1.00
2014.12.22 05:37:51.128,1.41869,1.41895,1.62,1.00
2014.12.22 05:37:51.678,1.41867,1.41894,2.44,1.00
2014.12.22 05:37:52.223,1.41869,1.41895,1.62,1.00
2014.12.22 05:37:52.334,1.41869,1.41895,1.62,1.00
2014.12.22 05:37:52.640,1.41874,1.41899,1.00,1.19
2014.12.22 05:37:52.943,1.41874,1.41902,1.00,1.56
2014.12.22 05:37:53.728,1.41874,1.41901,1.00,1.31
2014.12.22 05:37:54.268,1.41874,1.41901,1.00,1.56
2014.12.22 05:37:55.131,1.41874,1.41901,1.00,1.56
2014.12.22 05:37:55.380,1.41877,1.41902,1.00,1.56
2014.12.22 05:37:55.431,1.41877,1.41902,1.00,1.56
2014.12.22 05:37:56.032,1.41877,1.41902,1.00,1.31
2014.12.22 05:38:00.081,1.41877,1.41902,1.00,1.31
2014.12.22 05:38:04.047,1.41877,1.41902,1.00,1.19
2014.12.22 05:38:07.051,1.41877,1.41902,1.00,1.19
2014.12.22 05:38:08.104,1.41877,1.41902,1.00,1.19
2014.12.22 05:38:13.107,1.41877,1.41902,1.00,1.19
2014.12.22 05:38:16.067,1.41877,1.41902,1.00,1.19
2014.12.22 05:38:17.068,1.41877,1.41902,1.00,1.19
2014.12.22 05:38:17.940,1.41876,1.41902,1.00,1.69
2014.12.22 05:38:18.392,1.41874,1.41901,1.00,1.19
2014.12.22 05:38:19.208,1.41874,1.41901,1.00,1.19
2014.12.22 05:38:19.563,1.41872,1.41901,1.12,1.19
2014.12.22 05:38:20.205,1.41872,1.41899,1.00,1.19
2014.12.22 05:38:23.416,1.4187,1.41896,1.31,1.00
2014.12.22 05:38:23.784,1.41871,1.41898,1.19,1.00
2014.12.22 05:38:24.382,1.41871,1.41898,1.25,1.00
2014.12.22 05:38:24.884,1.4187,1.41896,1.19,1.00
2014.12.22 05:38:25.704,1.4187,1.41896,1.00,1.12
2014.12.22 05:38:26.026,1.41866,1.41893,1.19,1.00
2014.12.22 05:38:26.687,1.41866,1.41893,1.19,1.00
2014.12.22 05:38:27.418,1.41867,1.41894,1.25,1.00
2014.12.22 05:38:27.520,1.41869,1.41896,1.00,1.50
2014.12.22 05:38:28.087,1.41869,1.41896,1.19,1.00
2014.12.22 05:38:28.964,1.41869,1.41896,1.19,1.00
2014.12.22 05:38:29.646,1.41867,1.41896,1.19,1.37
2014.12.22 05:38:30.161,1.41867,1.41896,1.19,1.37
2014.12.22 05:38:30.367,1.41867,1.41894,1.25,1.00
2014.12.22 05:38:34.963,1.41866,1.41893,1.31,1.00
2014.12.22 05:38:36.977,1.41866,1.41893,1.25,1.00
2014.12.22 05:38:38.980,1.41866,1.41893,1.19,1.00
2014.12.22 05:38:41.024,1.41866,1.41893,1.25,1.00
2014.12.22 05:38:45.991,1.41866,1.41893,1.69,1.00
2014.12.22 05:38:47.020,1.41866,1.41893,1.69,1.00
2014.12.22 05:38:47.324,1.41866,1.41891,1.19,1.00
2014.12.22 05:38:48.042,1.41865,1.41891,1.19,1.00
2014.12.22 05:38:48.955,1.41866,1.41893,1.25,1.00
2014.12.22 05:39:04.696,1.41867,1.41894,1.00,1.31
2014.12.22 05:39:05.200,1.41867,1.41894,1.25,1.12
2014.12.22 05:39:14.143,1.41865,1.41891,1.56,1.00
2014.12.22 05:39:14.604,1.41863,1.41889,1.56,1.00
2014.12.22 05:39:15.111,1.41863,1.41888,1.56,1.00
2014.12.22 05:39:15.652,1.41863,1.41888,1.56,1.00
2014.12.22 05:39:19.214,1.41863,1.41889,1.62,1.00
2014.12.22 05:39:19.416,1.41862,1.41889,2.81,1.00
2014.12.22 05:39:19.619,1.41862,1.41889,2.06,1.00
2014.12.22 05:39:19.669,1.41862,1.41894,2.06,1.19
2014.12.22 05:39:20.158,1.41862,1.41894,2.06,1.25
2014.12.22 05:39:21.159,1.41862,1.41896,2.06,1.56
2014.12.22 05:39:21.886,1.41862,1.41896,2.06,1.56
2014.12.22 05:39:30.233,1.41862,1.41894,1.56,1.25
2014.12.22 05:39:31.208,1.41864,1.41896,1.56,2.06
2014.12.22 05:39:36.140,1.41862,1.41894,1.56,1.00
2014.12.22 05:39:41.345,1.41865,1.41896,1.56,1.56
2014.12.22 05:39:42.272,1.41865,1.41896,1.56,1.56
2014.12.22 05:39:46.234,1.41865,1.41895,1.56,1.31
2014.12.22 05:39:48.239,1.41865,1.41895,1.56,1.31
2014.12.22 05:39:51.977,1.41865,1.41895,1.31,2.06
2014.12.22 05:39:54.349,1.41865,1.41895,1.31,2.06
2014.12.22 05:39:57.403,1.41865,1.41895,1.31,1.62
2014.12.22 05:39:58.011,1.41865,1.41895,1.56,1.31
2014.12.22 05:39:59.421,1.41865,1.41895,1.19,1.62
2014.12.22 05:39:59.472,1.41863,1.41892,1.56,1.00
2014.12.22 05:39:59.522,1.41863,1.41892,1.19,1.37
2014.12.22 05:39:59.573,1.41863,1.41892,1.00,1.56
2014.12.22 05:39:59.674,1.41859,1.41886,1.00,1.19
2014.12.22 05:39:59.776,1.41856,1.41886,2.06,1.31
2014.12.22 05:40:00.570,1.41857,1.41888,1.37,1.50
2014.12.22 05:40:00.671,1.41857,1.41888,1.50,1.00
2014.12.22 05:40:00.722,1.41861,1.41892,1.00,1.19
2014.12.22 05:40:00.974,1.41856,1.41888,1.69,1.00
2014.12.22 05:40:01.025,1.41856,1.41891,2.44,1.19
2014.12.22 05:40:01.076,1.41856,1.41891,2.44,1.00
2014.12.22 05:40:01.410,1.41863,1.41891,1.00,1.00
2014.12.22 05:40:01.601,1.4186,1.41891,1.25,1.00
2014.12.22 05:40:02.384,1.4186,1.41891,1.00,1.19
2014.12.22 05:40:02.586,1.41857,1.41889,1.25,1.25
2014.12.22 05:40:02.788,1.4186,1.41888,1.00,1.50
2014.12.22 05:40:02.890,1.4186,1.41891,1.25,1.00
2014.12.22 05:40:04.287,1.4186,1.41891,1.19,1.00
2014.12.22 05:40:05.314,1.4186,1.41891,1.19,1.00
2014.12.22 05:40:05.800,1.41862,1.41891,1.62,1.00
2014.12.22 05:40:05.851,1.41862,1.41894,1.62,1.19
2014.12.22 05:40:05.902,1.41862,1.41894,1.31,1.19
2014.12.22 05:40:06.588,1.41862,1.41896,1.31,1.31
2014.12.22 05:40:07.590,1.41862,1.41896,1.31,1.56
2014.12.22 05:40:08.592,1.41862,1.41897,1.31,2.06
2014.12.22 05:40:09.594,1.41862,1.41897,1.31,2.81
2014.12.22 05:40:12.626,1.41862,1.41896,1.31,1.56
2014.12.22 05:40:13.628,1.41862,1.41896,1.31,1.56
2014.12.22 05:40:18.638,1.41862,1.41896,1.31,1.56
2014.12.22 05:40:19.639,1.41862,1.41896,1.31,1.56
2014.12.22 05:40:20.641,1.41862,1.41896,1.31,1.56
2014.12.22 05:40:21.155,1.41862,1.41897,1.31,2.06
2014.12.22 05:40:21.926,1.41862,1.41897,2.06,1.56
2014.12.22 05:40:22.645,1.41862,1.41897,2.06,1.56
2014.12.22 05:40:24.661,1.41862,1.41897,1.69,1.56
2014.12.22 05:40:25.282,1.41862,1.41897,1.31,2.06
2014.12.22 05:40:25.817,1.41862,1.41897,2.06,1.56
2014.12.22 05:40:26.652,1.41862,1.41897,2.06,1.56
2014.12.22 05:40:27.702,1.41862,1.41897,2.06,1.56
2014.12.22 05:40:32.871,1.41863,1.41894,1.25,1.56
2014.12.22 05:40:34.968,1.41862,1.41894,1.19,1.19
2014.12.22 05:40:38.418,1.41861,1.41896,2.06,1.56
2014.12.22 05:40:40.499,1.41862,1.41896,1.56,1.56
2014.12.22 05:40:41.283,1.41861,1.41895,1.25,1.56
2014.12.22 05:40:42.040,1.41861,1.41893,1.19,1.19
2014.12.22 05:40:42.986,1.41861,1.41893,1.56,1.25
2014.12.22 05:40:43.990,1.41862,1.41896,1.31,1.56
2014.12.22 05:40:45.014,1.41862,1.41896,1.31,1.56
2014.12.22 05:40:45.217,1.41861,1.41895,1.12,1.56
2014.12.22 05:40:45.468,1.41864,1.41891,1.00,1.00
2014.12.22 05:40:46.128,1.41865,1.41892,1.00,1.00
2014.12.22 05:40:46.979,1.41864,1.41891,1.00,1.00
2014.12.22 05:40:47.491,1.41865,1.41892,1.00,1.00
2014.12.22 05:40:50.514,1.41869,1.41896,1.00,1.00
2014.12.22 05:40:50.851,1.41871,1.419,1.00,1.31
2014.12.22 05:40:51.503,1.41872,1.419,1.00,1.31
2014.12.22 05:40:53.507,1.41872,1.419,1.00,1.31
2014.12.22 05:40:54.509,1.41872,1.419,1.00,1.31
2014.12.22 05:40:57.302,1.41871,1.419,1.25,2.06
2014.12.22 05:40:59.627,1.4187,1.41899,1.31,1.25
2014.12.22 05:41:00.161,1.41869,1.41898,2.06,1.00
2014.12.22 05:41:00.668,1.4187,1.41899,1.25,1.31
2014.12.22 05:41:00.770,1.41869,1.41894,1.19,1.00
2014.12.22 05:41:00.943,1.41867,1.41894,1.25,1.00
2014.12.22 05:41:02.080,1.41868,1.41894,1.00,1.00
2014.12.22 05:41:02.698,1.41868,1.41897,1.00,1.19
2014.12.22 05:41:03.272,1.41869,1.41898,1.00,1.31
2014.12.22 05:41:03.892,1.41869,1.41898,1.25,1.31
2014.12.22 05:41:05.956,1.4187,1.41898,1.00,1.31
2014.12.22 05:41:06.862,1.41869,1.41898,1.19,1.31
2014.12.22 05:41:07.409,1.41869,1.41898,1.56,1.25
2014.12.22 05:41:07.612,1.41872,1.41901,1.19,1.25
2014.12.22 05:41:07.915,1.41876,1.41904,1.00,1.56
2014.12.22 05:41:08.370,1.41876,1.41903,1.25,1.00
2014.12.22 05:41:10.018,1.41877,1.41905,1.00,1.69
2014.12.22 05:41:10.520,1.41876,1.41903,1.00,1.00
2014.12.22 05:41:11.981,1.41877,1.41905,1.00,1.69
2014.12.22 05:41:12.337,1.41876,1.41903,1.00,1.00
2014.12.22 05:41:13.961,1.41877,1.41905,1.00,1.69
2014.12.22 05:41:14.291,1.41876,1.41903,1.00,1.00
2014.12.22 05:41:15.633,1.41877,1.41905,1.00,1.69
2014.12.22 05:41:16.231,1.41876,1.41903,1.25,1.00
2014.12.22 05:41:17.262,1.41877,1.41905,1.00,1.69
2014.12.22 05:41:17.851,1.41876,1.41903,1.00,1.00
2014.12.22 05:41:21.441,1.41877,1.41905,1.00,1.69
2014.12.22 05:41:23.995,1.41877,1.41905,1.00,1.19
2014.12.22 05:41:25.999,1.41877,1.41905,1.00,1.25
2014.12.22 05:41:27.002,1.41877,1.41905,1.00,1.19
2014.12.22 05:41:30.008,1.41877,1.41905,1.25,1.25
2014.12.22 05:41:33.014,1.41877,1.41905,1.00,1.19
2014.12.22 05:41:34.016,1.41877,1.41905,1.25,1.25
2014.12.22 05:41:41.021,1.41876,1.41903,1.00,1.00
2014.12.22 05:41:41.718,1.41876,1.41902,1.00,1.00
2014.12.22 05:41:46.983,1.41877,1.41904,1.00,1.25
2014.12.22 05:41:48.414,1.41875,1.41903,1.19,1.00
2014.12.22 05:41:49.062,1.41877,1.41904,1.00,1.25
2014.12.22 05:41:50.640,1.41876,1.41902,1.00,1.00
2014.12.22 05:41:50.942,1.4188,1.41907,1.00,2.44
2014.12.22 05:41:51.488,1.4188,1.41907,1.25,1.00
2014.12.22 05:41:52.013,1.4188,1.41907,1.19,1.00
2014.12.22 05:41:52.982,1.4188,1.41907,1.19,1.00
2014.12.22 05:41:58.016,1.4188,1.41907,1.19,1.00
2014.12.22 05:42:01.080,1.41879,1.41906,1.31,1.00
2014.12.22 05:42:01.997,1.41879,1.41906,1.31,1.00
2014.12.22 05:42:02.999,1.41879,1.41906,1.25,1.00
2014.12.22 05:42:05.004,1.41879,1.41906,1.19,1.00
2014.12.22 05:42:10.319,1.41879,1.41906,1.00,1.19
2014.12.22 05:42:10.959,1.41878,1.41905,1.12,1.25
2014.12.22 05:42:15.493,1.41877,1.41904,1.37,1.00
2014.12.22 05:42:16.024,1.41877,1.41904,1.00,1.25
2014.12.22 05:42:17.035,1.41877,1.41904,1.00,1.19
2014.12.22 05:42:18.029,1.41877,1.41904,1.00,1.19
2014.12.22 05:42:22.139,1.41877,1.41904,1.00,1.25
2014.12.22 05:42:25.791,1.41877,1.41904,1.19,1.00
2014.12.22 05:42:27.666,1.41877,1.41904,1.19,1.00
2014.12.22 05:42:28.651,1.41877,1.41904,1.19,1.00
2014.12.22 05:42:30.339,1.41878,1.41905,1.25,1.00
2014.12.22 05:42:32.401,1.41875,1.41901,1.31,1.00
2014.12.22 05:42:32.503,1.41878,1.41905,1.25,1.00
2014.12.22 05:42:33.160,1.41877,1.41904,1.19,1.00
2014.12.22 05:42:34.019,1.41877,1.41904,1.19,1.00
2014.12.22 05:42:36.686,1.41877,1.41904,1.56,1.00
2014.12.22 05:42:39.467,1.41879,1.41906,1.56,1.00
2014.12.22 05:42:40.264,1.41878,1.41905,1.56,1.00
2014.12.22 05:42:40.796,1.41879,1.41906,1.56,1.00
2014.12.22 05:42:45.850,1.41879,1.41906,1.25,1.00
2014.12.22 05:42:48.482,1.41878,1.41905,1.19,1.00
2014.12.22 05:42:48.835,1.41877,1.41904,1.25,1.00
2014.12.22 05:42:51.530,1.41878,1.41905,1.00,1.00
2014.12.22 05:42:52.498,1.41877,1.41904,1.00,1.00
2014.12.22 05:42:53.400,1.41878,1.41905,1.00,1.00
2014.12.22 05:42:55.077,1.41877,1.41904,1.69,1.00
2014.12.22 05:42:55.179,1.41879,1.41906,1.00,1.25
2014.12.22 05:42:55.280,1.41881,1.41907,1.00,1.19
2014.12.22 05:42:55.381,1.41878,1.41905,1.25,1.00
2014.12.22 05:42:55.886,1.41877,1.41904,1.25,1.00
2014.12.22 05:42:56.444,1.41878,1.41905,1.00,1.00
2014.12.22 05:42:57.454,1.41877,1.41904,1.00,1.00
2014.12.22 05:42:59.669,1.41878,1.41905,1.00,1.00
2014.12.22 05:43:00.194,1.41877,1.41904,1.25,1.00
2014.12.22 05:43:00.793,1.41878,1.41905,1.00,1.12
2014.12.22 05:43:02.125,1.41877,1.41904,1.25,1.00
2014.12.22 05:43:02.719,1.41878,1.41905,1.00,1.25
2014.12.22 05:43:03.519,1.41877,1.41904,1.25,1.00
2014.12.22 05:43:04.128,1.41877,1.41906,1.25,1.31
2014.12.22 05:43:04.742,1.41877,1.41904,1.25,1.00
2014.12.22 05:43:05.289,1.41878,1.41905,1.00,1.25
2014.12.22 05:43:06.049,1.41877,1.41904,1.25,1.00
2014.12.22 05:43:06.629,1.41878,1.41905,1.00,1.25
2014.12.22 05:43:08.139,1.41877,1.41904,1.00,1.00
2014.12.22 05:43:08.642,1.41877,1.41906,1.00,1.31
2014.12.22 05:43:10.157,1.41877,1.41904,1.25,1.00
2014.12.22 05:43:10.855,1.41878,1.41905,1.00,1.25
2014.12.22 05:43:11.928,1.41879,1.41906,1.00,1.56
2014.12.22 05:43:14.115,1.41878,1.41905,1.00,1.12
2014.12.22 05:43:14.746,1.41879,1.41906,1.00,1.62
2014.12.22 05:43:15.520,1.41878,1.41905,1.00,1.31
2014.12.22 05:43:16.061,1.41878,1.41905,1.00,1.19
2014.12.22 05:43:16.866,1.41878,1.41905,1.00,1.31
2014.12.22 05:43:17.868,1.41878,1.41905,1.00,1.31
2014.12.22 05:43:19.046,1.41875,1.41901,1.31,1.00
2014.12.22 05:43:19.577,1.41871,1.419,1.56,1.50
2014.12.22 05:43:20.098,1.41871,1.419,1.56,1.50
2014.12.22 05:43:21.110,1.41871,1.419,1.25,1.12
2014.12.22 05:43:21.363,1.41873,1.419,1.00,1.00
2014.12.22 05:43:21.565,1.41874,1.41904,1.19,1.00
2014.12.22 05:43:21.616,1.41875,1.41906,1.19,1.25
2014.12.22 05:43:21.717,1.4188,1.41908,1.19,1.00
2014.12.22 05:43:22.021,1.41878,1.41905,1.00,1.00
2014.12.22 05:43:22.324,1.41874,1.419,1.00,1.00
2014.12.22 05:43:22.432,1.41872,1.419,1.25,1.00
2014.12.22 05:43:22.584,1.41874,1.419,1.00,1.00
2014.12.22 05:43:25.628,1.41873,1.41899,1.25,1.00
2014.12.22 05:43:26.445,1.41871,1.41898,1.19,1.00
2014.12.22 05:43:28.550,1.41873,1.41899,1.00,1.00
2014.12.22 05:43:32.271,1.41871,1.41898,1.19,1.00
2014.12.22 05:43:33.698,1.41873,1.41899,1.00,1.00
2014.12.22 05:43:34.352,1.41871,1.41898,1.19,1.00
2014.12.22 05:43:34.907,1.41873,1.41899,1.00,1.00
2014.12.22 05:43:35.211,1.41874,1.41901,1.00,1.25
2014.12.22 05:43:36.228,1.41875,1.41902,1.00,1.00
2014.12.22 05:43:44.387,1.41875,1.41902,1.19,1.00
2014.12.22 05:43:45.119,1.41874,1.41901,1.19,1.00
2014.12.22 05:43:45.346,1.41874,1.41901,1.00,1.00
2014.12.22 05:43:46.991,1.41872,1.419,1.31,1.00
2014.12.22 05:43:47.550,1.41874,1.41901,1.25,1.00
2014.12.22 05:43:47.848,1.41873,1.41899,1.19,1.00
2014.12.22 05:43:50.355,1.41873,1.41899,1.25,1.00
2014.12.22 05:43:52.409,1.41873,1.41899,1.19,1.00
2014.12.22 05:43:52.909,1.41874,1.41901,1.25,1.00
2014.12.22 05:43:54.118,1.41873,1.41899,1.19,1.00
2014.12.22 05:43:55.661,1.41871,1.41898,1.69,1.00
2014.12.22 05:43:55.711,1.41871,1.41898,1.69,1.00
2014.12.22 05:43:55.914,1.4187,1.41898,1.00,1.00
2014.12.22 05:43:55.965,1.41868,1.41898,1.69,1.00
2014.12.22 05:43:56.015,1.41868,1.41895,1.25,1.00
2014.12.22 05:43:56.672,1.41868,1.41896,1.31,1.00
2014.12.22 05:43:57.212,1.41867,1.41895,1.12,1.00
2014.12.22 05:43:57.781,1.41865,1.41895,1.56,1.00
2014.12.22 05:43:58.122,1.41865,1.41893,2.06,1.00
2014.12.22 05:43:58.989,1.41868,1.41894,1.25,1.00
2014.12.22 05:44:00.866,1.41868,1.41896,1.25,1.69
2014.12.22 05:44:01.425,1.41866,1.41895,2.06,1.00
2014.12.22 05:44:01.961,1.41867,1.41896,1.31,1.25
2014.12.22 05:44:02.012,1.41867,1.41896,1.31,1.00
2014.12.22 05:44:02.515,1.41865,1.41895,1.19,1.12
2014.12.22 05:44:02.993,1.41864,1.41893,2.06,1.00
2014.12.22 05:44:03.044,1.41864,1.41893,2.06,1.00
2014.12.22 05:44:04.983,1.41866,1.41893,1.19,1.00
2014.12.22 05:44:06.990,1.41866,1.41893,1.25,1.00
2014.12.22 05:44:08.345,1.41865,1.41892,1.19,1.00
2014.12.22 05:44:08.870,1.41864,1.41893,2.06,1.00
2014.12.22 05:44:08.971,1.41864,1.41894,2.06,1.00
2014.12.22 05:44:09.804,1.41868,1.41895,1.25,1.00
2014.12.22 05:44:10.123,1.41869,1.41896,1.69,1.00
2014.12.22 05:44:11.312,1.41869,1.41895,2.06,1.00
2014.12.22 05:44:11.768,1.4187,1.419,1.19,1.19
2014.12.22 05:44:11.869,1.4187,1.41895,1.19,1.00
2014.12.22 05:44:12.122,1.41868,1.41893,1.00,1.00
2014.12.22 05:44:12.664,1.41867,1.41894,1.12,1.00
2014.12.22 05:44:13.727,1.41869,1.41895,1.00,1.25
2014.12.22 05:44:16.130,1.41869,1.41895,1.62,1.00
2014.12.22 05:44:16.281,1.41868,1.41899,1.56,1.69
2014.12.22 05:44:16.433,1.41868,1.41899,2.06,1.00
2014.12.22 05:44:17.358,1.41871,1.41898,1.69,1.00
2014.12.22 05:44:17.670,1.4187,1.41895,1.25,1.00
2014.12.22 05:44:18.049,1.41872,1.41899,1.00,1.00
2014.12.22 05:44:18.591,1.4187,1.41896,1.25,1.00
2014.12.22 05:44:18.678,1.41871,1.41898,1.00,1.00
2014.12.22 05:44:19.426,1.41871,1.41898,1.19,1.00
2014.12.22 05:44:19.995,1.41871,1.41898,1.25,1.00
2014.12.22 05:44:20.046,1.4187,1.41896,1.19,1.00
2014.12.22 05:44:20.327,1.41871,1.41898,1.25,1.00
2014.12.22 05:44:20.928,1.4187,1.41896,1.19,1.00
2014.12.22 05:44:21.557,1.41869,1.41895,1.19,1.00
2014.12.22 05:44:22.062,1.41868,1.41896,2.44,1.00
2014.12.22 05:44:22.578,1.41868,1.41896,2.44,1.12
2014.12.22 05:44:23.334,1.41868,1.41894,1.69,1.00
2014.12.22 05:44:27.125,1.41868,1.41894,1.00,1.00
2014.12.22 05:44:27.634,1.41866,1.41893,2.06,1.00
2014.12.22 05:44:29.111,1.41866,1.41893,2.06,1.00
2014.12.22 05:44:31.440,1.41866,1.41895,2.06,1.00
2014.12.22 05:44:31.992,1.41868,1.41894,1.25,1.00
2014.12.22 05:44:34.077,1.41866,1.41893,1.69,1.00
2014.12.22 05:44:34.638,1.41868,1.41894,1.00,1.00
2014.12.22 05:44:36.192,1.41866,1.41893,1.69,1.00
2014.12.22 05:44:36.908,1.41868,1.41894,1.00,1.00
2014.12.22 05:44:38.147,1.41866,1.41893,2.06,1.00
2014.12.22 05:44:38.820,1.41868,1.41894,1.00,1.00
2014.12.22 05:44:40.150,1.41866,1.41893,2.06,1.00
2014.12.22 05:44:41.009,1.41868,1.41894,1.00,1.00
2014.12.22 05:44:42.137,1.41866,1.41893,2.06,1.00
2014.12.22 05:44:43.038,1.41868,1.41894,1.00,1.00
2014.12.22 05:44:44.137,1.41866,1.41894,1.31,1.00
2014.12.22 05:44:44.340,1.41866,1.41892,1.31,1.00
2014.12.22 05:44:45.143,1.41864,1.41891,2.06,1.00
2014.12.22 05:44:45.957,1.41865,1.41892,1.56,1.00
2014.12.22 05:44:46.486,1.41865,1.41892,2.06,1.00
2014.12.22 05:44:47.047,1.41866,1.41893,1.31,1.00
2014.12.22 05:44:48.152,1.41866,1.41893,1.31,1.00
